@manual{R-abind,
	title        = {abind: Combine Multidimensional Arrays},
	author       = {Tony Plate and Richard Heiberger},
	year         = 2016,
	url          = {https://CRAN.R-project.org/package=abind},
	note         = {R package version 1.4-5}
}
@manual{R-affy,
	title        = {affy: Methods for Affymetrix Oligonucleotide Arrays},
	author       = {Rafael A. Irizarry and Laurent Gautier and Benjamin Milo Bolstad and Crispin Miller with contributions from Magnus Astrand <Magnus.Astrand@astrazeneca.com> and Leslie M. Cope and Robert Gentleman and Jeff Gentry and Conrad Halling and Wolfgang Huber and James MacDonald and Benjamin I. P. Rubinstein and Christopher Workman and John Zhang},
	year         = 2023,
	doi          = {10.18129/B9.bioc.affy},
	url          = {https://bioconductor.org/packages/affy},
	note         = {R package version 1.80.0}
}
@manual{R-affyio,
	title        = {affyio: Tools for parsing Affymetrix data files},
	author       = {Ben Bolstad},
	year         = 2023,
	doi          = {10.18129/B9.bioc.affyio},
	url          = {https://bioconductor.org/packages/affyio},
	note         = {R package version 1.72.0}
}
@manual{R-AnnotationFilter,
	title        = {AnnotationFilter: Facilities for Filtering Bioconductor Annotation Resources},
	author       = {Martin Morgan and Johannes Rainer},
	year         = 2023,
	doi          = {10.18129/B9.bioc.AnnotationFilter},
	url          = {https://bioconductor.org/packages/AnnotationFilter},
	note         = {R package version 1.26.0}
}
@manual{R-arrow,
	title        = {arrow: Integration to Apache 'Arrow'},
	author       = {Neal Richardson and Ian Cook and Nic Crane and Dewey Dunnington and Romain François and Jonathan Keane and Dragoș Moldovan-Grünfeld and Jeroen Ooms and Jacob Wujciak-Jens and {Apache Arrow}},
	year         = 2024,
	url          = {https://github.com/apache/arrow/},
	note         = {R package version 15.0.1}
}
@manual{R-askpass,
	title        = {askpass: Password Entry Utilities for R, Git, and SSH},
	author       = {Jeroen Ooms},
	year         = 2023,
	url          = {https://github.com/r-lib/askpass},
	note         = {R package version 1.2.0}
}
@manual{R-assertthat,
	title        = {assertthat: Easy Pre and Post Assertions},
	author       = {Hadley Wickham},
	year         = 2019,
	url          = {https://CRAN.R-project.org/package=assertthat},
	note         = {R package version 0.2.1}
}
@manual{R-available,
	title        = {available: Check if the Title of a Package is Available, Appropriate and Interesting},
	author       = {Carl Ganz and Gábor Csárdi and Jim Hester and Molly Lewis and Rachael Tatman},
	year         = 2022,
	url          = {https://github.com/r-lib/available},
	note         = {R package version 1.1.0}
}
@manual{R-backports,
	title        = {backports: Reimplementations of Functions Introduced Since R-3.0.0},
	author       = {Michel Lang and {R Core Team}},
	year         = 2021,
	url          = {https://github.com/r-lib/backports},
	note         = {R package version 1.4.1}
}
@manual{R-base64enc,
	title        = {base64enc: Tools for base64 encoding},
	author       = {Simon Urbanek},
	year         = 2015,
	url          = {http://www.rforge.net/base64enc},
	note         = {R package version 0.1-3}
}
@manual{R-base64url,
	title        = {base64url: Fast and URL-Safe Base64 Encoder and Decoder},
	author       = {Michel Lang},
	year         = 2018,
	url          = {https://github.com/mllg/base64url},
	note         = {R package version 1.4}
}
@manual{R-BH,
	title        = {BH: Boost C++ Header Files},
	author       = {Dirk Eddelbuettel and John W. Emerson and Michael J. Kane},
	year         = 2024,
	url          = {https://github.com/eddelbuettel/bh},
	note         = {R package version 1.84.0-0, https://dirk.eddelbuettel.com/code/bh.html}
}
@manual{R-Biobase,
	title        = {Biobase: Base functions for Bioconductor},
	author       = {R. Gentleman and V. Carey and M. Morgan and S. Falcon},
	year         = 2023,
	doi          = {10.18129/B9.bioc.Biobase},
	url          = {https://bioconductor.org/packages/Biobase},
	note         = {R package version 2.62.0}
}
@manual{R-BiocBaseUtils,
	title        = {BiocBaseUtils: General utility functions for developing Bioconductor packages},
	author       = {Marcel Ramos},
	year         = 2023,
	doi          = {10.18129/B9.bioc.BiocBaseUtils},
	url          = {https://bioconductor.org/packages/BiocBaseUtils},
	note         = {R package version 1.4.0}
}
@manual{R-BiocGenerics,
	title        = {BiocGenerics: S4 generic functions used in Bioconductor},
	author       = {The Bioconductor Dev Team},
	year         = 2023,
	doi          = {10.18129/B9.bioc.BiocGenerics},
	url          = {https://bioconductor.org/packages/BiocGenerics},
	note         = {R package version 0.48.1}
}
@manual{R-BiocManager,
	title        = {BiocManager: Access the Bioconductor Project Package Repository},
	author       = {Martin Morgan and Marcel Ramos},
	year         = 2023,
	url          = {https://bioconductor.github.io/BiocManager/},
	note         = {R package version 1.30.22}
}
@manual{R-BiocParallel,
	title        = {BiocParallel: Bioconductor facilities for parallel evaluation},
	author       = {Martin Morgan and Jiefei Wang and Valerie Obenchain and Michel Lang and Ryan Thompson and Nitesh Turaga},
	year         = 2023,
	doi          = {10.18129/B9.bioc.BiocParallel},
	url          = {https://bioconductor.org/packages/BiocParallel},
	note         = {R package version 1.36.0}
}
@manual{R-BiocStyle,
	title        = {BiocStyle: Standard styles for vignettes and other Bioconductor documents},
	author       = {Andrzej Oleś},
	year         = 2023,
	doi          = {10.18129/B9.bioc.BiocStyle},
	url          = {https://bioconductor.org/packages/BiocStyle},
	note         = {R package version 2.30.0}
}
@manual{R-BiocVersion,
	title        = {BiocVersion: Set the appropriate version of Bioconductor packages},
	author       = {Martin Morgan},
	year         = 2023,
	doi          = {10.18129/B9.bioc.BiocVersion},
	url          = {https://bioconductor.org/packages/BiocVersion},
	note         = {R package version 3.18.1}
}
@manual{R-bit,
	title        = {bit: Classes and Methods for Fast Memory-Efficient Boolean Selections},
	author       = {Jens Oehlschlägel and Brian Ripley},
	year         = 2022,
	url          = {https://github.com/truecluster/bit},
	note         = {R package version 4.0.5}
}
@manual{R-bit64,
	title        = {bit64: A S3 Class for Vectors of 64bit Integers},
	author       = {Jens Oehlschlägel and Leonardo Silvestri},
	year         = 2020,
	url          = {https://github.com/truecluster/bit64},
	note         = {R package version 4.0.5}
}
@manual{R-bitops,
	title        = {bitops: Bitwise Operations},
	author       = {Steve Dutky and Martin Maechler},
	year         = 2021,
	url          = {https://github.com/mmaechler/R-bitops},
	note         = {R package version 1.0-7}
}
@manual{R-blob,
	title        = {blob: A Simple S3 Class for Representing Vectors of Binary Data (BLOBS)},
	author       = {Hadley Wickham},
	year         = 2023,
	url          = {https://blob.tidyverse.org},
	note         = {R package version 1.2.4}
}
@manual{R-bookdown,
	title        = {bookdown: Authoring Books and Technical Documents with R Markdown},
	author       = {Yihui Xie},
	year         = 2024,
	url          = {https://github.com/rstudio/bookdown},
	note         = {R package version 0.39, https://pkgs.rstudio.com/bookdown/}
}
@manual{R-brew,
	title        = {brew: Templating Framework for Report Generation},
	author       = {Jeffrey Horner and Greg Hunt},
	year         = 2023,
	url          = {https://github.com/gregfrog/brew},
	note         = {R package version 1.0-10}
}
@manual{R-brio,
	title        = {brio: Basic R Input Output},
	author       = {Jim Hester and Gábor Csárdi},
	year         = 2024,
	url          = {https://brio.r-lib.org},
	note         = {R package version 1.1.5}
}
@manual{R-broom,
	title        = {broom: Convert Statistical Objects into Tidy Tibbles},
	author       = {David Robinson and Alex Hayes and Simon Couch},
	year         = 2023,
	url          = {https://broom.tidymodels.org/},
	note         = {R package version 1.0.5}
}
@manual{R-bslib,
	title        = {bslib: Custom Bootstrap 'Sass' Themes for shiny and rmarkdown},
	author       = {Carson Sievert and Joe Cheng and Garrick Aden-Buie},
	year         = 2024,
	url          = {https://rstudio.github.io/bslib/},
	note         = {R package version 0.7.0}
}
@manual{R-cachem,
	title        = {cachem: Cache R Objects with Automatic Pruning},
	author       = {Winston Chang},
	year         = 2023,
	url          = {https://cachem.r-lib.org/},
	note         = {R package version 1.0.8}
}
@manual{R-Cairo,
	title        = {Cairo: R Graphics Device using Cairo Graphics Library for Creating High-Quality Bitmap (PNG, JPEG, TIFF), Vector (PDF, SVG, PostScript) and Display (X11 and Win32) Output},
	author       = {Simon Urbanek and Jeffrey Horner},
	year         = 2023,
	url          = {http://www.rforge.net/Cairo/},
	note         = {R package version 1.6-2}
}
@manual{R-callr,
	title        = {callr: Call R from R},
	author       = {Gábor Csárdi and Winston Chang},
	year         = 2024,
	url          = {https://callr.r-lib.org},
	note         = {R package version 3.7.6}
}
@manual{R-car,
	title        = {car: Companion to Applied Regression},
	author       = {John Fox and Sanford Weisberg and Brad Price},
	year         = 2023,
	url          = {https://r-forge.r-project.org/projects/car/},
	note         = {R package version 3.1-2, https://CRAN.R-project.org/package=car}
}
@manual{R-carData,
	title        = {carData: Companion to Applied Regression Data Sets},
	author       = {John Fox and Sanford Weisberg and Brad Price},
	year         = 2022,
	url          = {https://r-forge.r-project.org/projects/car/},
	note         = {R package version 3.0-5, https://CRAN.R-project.org/package=carData}
}
@manual{R-caret,
	title        = {caret: Classification and Regression Training},
	author       = {Max Kuhn},
	year         = 2023,
	url          = {https://github.com/topepo/caret/},
	note         = {R package version 6.0-94}
}
@manual{R-caTools,
	title        = {caTools: Tools: Moving Window Statistics, GIF, Base64, ROC AUC, etc},
	author       = {Jarek Tuszynski},
	year         = 2021,
	url          = {https://CRAN.R-project.org/package=caTools},
	note         = {R package version 1.18.2}
}
@manual{R-cellranger,
	title        = {cellranger: Translate Spreadsheet Cell Ranges to Rows and Columns},
	author       = {Jennifer Bryan},
	year         = 2016,
	url          = {https://github.com/rsheets/cellranger},
	note         = {R package version 1.1.0}
}
@manual{R-cli,
	title        = {cli: Helpers for Developing Command Line Interfaces},
	author       = {Gábor Csárdi},
	year         = 2023,
	url          = {https://cli.r-lib.org},
	note         = {R package version 3.6.2}
}
@manual{R-clipr,
	title        = {clipr: Read and Write from the System Clipboard},
	author       = {Matthew Lincoln},
	year         = 2022,
	url          = {https://github.com/mdlincoln/clipr},
	note         = {R package version 0.8.0, http://matthewlincoln.net/clipr/}
}
@manual{R-clisymbols,
	title        = {clisymbols: Unicode Symbols at the R Prompt},
	author       = {Gábor Csárdi and Sindre Sorhus},
	year         = 2017,
	url          = {https://github.com/gaborcsardi/clisymbols},
	note         = {R package version 1.2.0}
}
@manual{R-clock,
	title        = {clock: Date-Time Types and Tools},
	author       = {Davis Vaughan},
	year         = 2023,
	url          = {https://clock.r-lib.org},
	note         = {R package version 0.7.0}
}
@manual{R-clue,
	title        = {clue: Cluster Ensembles},
	author       = {Kurt Hornik},
	year         = 2023,
	url          = {https://CRAN.R-project.org/package=clue},
	note         = {R package version 0.3-65}
}
@manual{R-colorspace,
	title        = {colorspace: A Toolbox for Manipulating and Assessing Colors and Palettes},
	author       = {Ross Ihaka and Paul Murrell and Kurt Hornik and Jason C. Fisher and Reto Stauffer and Claus O. Wilke and Claire D. McWhite and Achim Zeileis},
	year         = 2023,
	url          = {https://colorspace.R-Forge.R-project.org/},
	note         = {R package version 2.1-0}
}
@manual{R-commonmark,
	title        = {commonmark: High Performance CommonMark and Github Markdown Rendering in R},
	author       = {Jeroen Ooms},
	year         = 2024,
	url          = {https://docs.ropensci.org/commonmark/ https://r-lib.r-universe.dev/commonmark https://github.github.com/gfm/},
	note         = {R package version 1.9.1}
}
@manual{R-conflicted,
	title        = {conflicted: An Alternative Conflict Resolution Strategy},
	author       = {Hadley Wickham},
	year         = 2023,
	url          = {https://conflicted.r-lib.org/},
	note         = {R package version 1.2.0}
}
@manual{R-cowplot,
	title        = {cowplot: Streamlined Plot Theme and Plot Annotations for ggplot2},
	author       = {Claus O. Wilke},
	year         = 2024,
	url          = {https://wilkelab.org/cowplot/},
	note         = {R package version 1.1.3}
}
@manual{R-cpp11,
	title        = {cpp11: A C++11 Interface for R's C Interface},
	author       = {Davis Vaughan and Jim Hester and Romain François},
	year         = 2023,
	url          = {https://cpp11.r-lib.org},
	note         = {R package version 0.4.7}
}
@manual{R-crayon,
	title        = {crayon: Colored Terminal Output},
	author       = {Gábor Csárdi},
	year         = 2022,
	url          = {https://github.com/r-lib/crayon#readme},
	note         = {R package version 1.5.2}
}
@manual{R-credentials,
	title        = {credentials: Tools for Managing SSH and Git Credentials},
	author       = {Jeroen Ooms},
	year         = 2023,
	url          = {https://docs.ropensci.org/credentials/ https://r-lib.r-universe.dev/credentials},
	note         = {R package version 2.0.1}
}
@manual{R-crew,
	title        = {crew: A Distributed Worker Launcher Framework},
	author       = {William Michael Landau},
	year         = 2024,
	url          = {https://wlandau.github.io/crew/},
	note         = {R package version 0.9.2}
}
@manual{R-crmn,
	title        = {crmn: CCMN and Other Normalization Methods for Metabolomics Data},
	author       = {Henning Redestig},
	year         = 2020,
	url          = {https://github.com/hredestig/crmn},
	note         = {R package version 0.0.21}
}
@manual{R-crosstalk,
	title        = {crosstalk: Inter-Widget Interactivity for HTML Widgets},
	author       = {Joe Cheng and Carson Sievert},
	year         = 2023,
	url          = {https://rstudio.github.io/crosstalk/},
	note         = {R package version 1.2.1, https://github.com/rstudio/crosstalk}
}
@manual{R-curl,
	title        = {curl: A Modern and Flexible Web Client for R},
	author       = {Jeroen Ooms},
	year         = 2024,
	url          = {https://jeroen.r-universe.dev/curl},
	note         = {R package version 5.2.1}
}
@manual{R-data.table,
	title        = {data.table: Extension of `data.frame`},
	author       = {Tyson Barrett and Matt Dowle and Arun Srinivasan and Jan Gorecki and Michael Chirico and Toby Hocking},
	year         = 2024,
	url          = {https://r-datatable.com},
	note         = {R package version 1.15.4}
}
@manual{R-DBI,
	title        = {DBI: R Database Interface},
	author       = {{R Special Interest Group on Databases (R-SIG-DB)} and Hadley Wickham and Kirill Müller},
	year         = 2024,
	url          = {https://dbi.r-dbi.org},
	note         = {R package version 1.2.2}
}
@manual{R-dbplyr,
	title        = {dbplyr: A dplyr Back End for Databases},
	author       = {Hadley Wickham and Maximilian Girlich and Edgar Ruiz},
	year         = 2024,
	url          = {https://dbplyr.tidyverse.org/},
	note         = {R package version 2.5.0}
}
@manual{R-DelayedArray,
	title        = {DelayedArray: A unified framework for working transparently with on-disk and in-memory array-like datasets},
	author       = {Hervé Pagès},
	year         = 2023,
	doi          = {10.18129/B9.bioc.DelayedArray},
	url          = {https://bioconductor.org/packages/DelayedArray},
	note         = {R package version 0.28.0}
}
@manual{R-DEoptimR,
	title        = {DEoptimR: Differential Evolution Optimization in Pure R},
	author       = {Eduardo L. T. Conceicao},
	year         = 2023,
	url          = {https://CRAN.R-project.org/package=DEoptimR},
	note         = {R package version 1.1-3}
}
@manual{R-desc,
	title        = {desc: Manipulate DESCRIPTION Files},
	author       = {Gábor Csárdi and Kirill Müller and Jim Hester},
	year         = 2023,
	url          = {https://desc.r-lib.org/},
	note         = {R package version 1.4.3}
}
@manual{R-devtools,
	title        = {devtools: Tools to Make Developing R Packages Easier},
	author       = {Hadley Wickham and Jim Hester and Winston Chang and Jennifer Bryan},
	year         = 2022,
	url          = {https://devtools.r-lib.org/},
	note         = {R package version 2.4.5}
}
@manual{R-diagram,
	title        = {diagram: Functions for Visualising Simple Graphs (Networks), Plotting Flow Diagrams},
	author       = {Karline Soetaert},
	year         = 2020,
	url          = {https://CRAN.R-project.org/package=diagram},
	note         = {R package version 1.6.5}
}
@manual{R-diffobj,
	title        = {diffobj: Diffs for R Objects},
	author       = {Brodie Gaslam},
	year         = 2021,
	url          = {https://github.com/brodieG/diffobj},
	note         = {R package version 0.3.5}
}
@manual{R-digest,
	title        = {digest: Create Compact Hash Digests of R Objects},
	author       = {Dirk Eddelbuettel},
	year         = 2024,
	url          = {https://github.com/eddelbuettel/digest},
	note         = {R package version 0.6.35, https://dirk.eddelbuettel.com/code/digest.html}
}
@manual{R-doParallel,
	title        = {doParallel: Foreach Parallel Adaptor for the parallel Package},
	author       = {Microsoft Corporation and Steve Weston},
	year         = 2022,
	url          = {https://github.com/RevolutionAnalytics/doparallel},
	note         = {R package version 1.0.17}
}
@manual{R-doRNG,
	title        = {doRNG: Generic Reproducible Parallel Backend for foreach Loops},
	author       = {Renaud Gaujoux},
	year         = 2023,
	url          = {https://renozao.github.io/doRNG/},
	note         = {R package version 1.8.6}
}
@manual{R-downlit,
	title        = {downlit: Syntax Highlighting and Automatic Linking},
	author       = {Hadley Wickham},
	year         = 2023,
	url          = {https://downlit.r-lib.org/},
	note         = {R package version 0.4.3}
}
@manual{R-dplyr,
	title        = {dplyr: A Grammar of Data Manipulation},
	author       = {Hadley Wickham and Romain François and Lionel Henry and Kirill Müller and Davis Vaughan},
	year         = 2023,
	url          = {https://dplyr.tidyverse.org},
	note         = {R package version 1.1.4}
}
@manual{R-DT,
	title        = {DT: A Wrapper of the JavaScript Library DataTables},
	author       = {Yihui Xie and Joe Cheng and Xianying Tan},
	year         = 2024,
	url          = {https://github.com/rstudio/DT},
	note         = {R package version 0.33}
}
@manual{R-dtplyr,
	title        = {dtplyr: Data Table Back-End for dplyr},
	author       = {Hadley Wickham and Maximilian Girlich and Mark Fairbanks and Ryan Dickerson},
	year         = 2023,
	url          = {https://dtplyr.tidyverse.org},
	note         = {R package version 1.3.1}
}
@manual{R-e1071,
	title        = {e1071: Misc Functions of the Department of Statistics, Probability Theory Group (Formerly: E1071), TU Wien},
	author       = {David Meyer and Evgenia Dimitriadou and Kurt Hornik and Andreas Weingessel and Friedrich Leisch},
	year         = 2023,
	url          = {https://CRAN.R-project.org/package=e1071},
	note         = {R package version 1.7-14}
}
@manual{R-edgeR,
	title        = {edgeR: Empirical Analysis of Digital Gene Expression Data in R},
	author       = {Yunshun Chen and Aaron TL Lun and Davis J McCarthy and Lizhong Chen and Matthew E Ritchie and Belinda Phipson and Yifang Hu and Xiaobei Zhou and Mark D Robinson and Gordon K Smyth},
	year         = 2024,
	doi          = {10.18129/B9.bioc.edgeR},
	url          = {https://bioconductor.org/packages/edgeR},
	note         = {R package version 4.0.16}
}
@manual{R-ellipse,
	title        = {ellipse: Functions for Drawing Ellipses and Ellipse-Like Confidence Regions},
	author       = {Duncan Murdoch and E. D. Chow},
	year         = 2023,
	url          = {https://github.com/dmurdoch/ellipse},
	note         = {R package version 0.5.0, https://dmurdoch.github.io/ellipse/}
}
@manual{R-ellipsis,
	title        = {ellipsis: Tools for Working with ...},
	author       = {Hadley Wickham},
	year         = 2021,
	url          = {https://ellipsis.r-lib.org},
	note         = {R package version 0.3.2}
}
@manual{R-emmeans,
	title        = {emmeans: Estimated Marginal Means, aka Least-Squares Means},
	author       = {Russell V. Lenth},
	year         = 2024,
	url          = {https://github.com/rvlenth/emmeans},
	note         = {R package version 1.10.1}
}
@manual{R-estimability,
	title        = {estimability: Tools for Assessing Estimability of Linear Predictions},
	author       = {Russell Lenth},
	year         = 2024,
	url          = {https://github.com/rvlenth/estimability},
	note         = {R package version 1.5.1, https://rvlenth.github.io/estimability/}
}
@manual{R-evaluate,
	title        = {evaluate: Parsing and Evaluation Tools that Provide More Details than the Default},
	author       = {Hadley Wickham and Yihui Xie},
	year         = 2023,
	url          = {https://github.com/r-lib/evaluate},
	note         = {R package version 0.23}
}
@manual{R-FactoMineR,
	title        = {FactoMineR: Multivariate Exploratory Data Analysis and Data Mining},
	author       = {Francois Husson and Julie Josse and Sebastien Le and Jeremy Mazet},
	year         = 2024,
	url          = {http://factominer.free.fr},
	note         = {R package version 2.11}
}
@manual{R-fansi,
	title        = {fansi: ANSI Control Sequence Aware String Functions},
	author       = {Brodie Gaslam},
	year         = 2023,
	url          = {https://github.com/brodieG/fansi},
	note         = {R package version 1.0.6}
}
@manual{R-farver,
	title        = {farver: High Performance Colour Space Manipulation},
	author       = {Thomas Lin Pedersen and Berendea Nicolae and Romain François},
	year         = 2024,
	url          = {https://farver.data-imaginist.com},
	note         = {R package version 2.1.2, https://github.com/thomasp85/farver}
}
@manual{R-fastmap,
	title        = {fastmap: Fast Data Structures},
	author       = {Winston Chang},
	year         = 2023,
	url          = {https://r-lib.github.io/fastmap/},
	note         = {R package version 1.1.1}
}
@manual{R-fastmatch,
	title        = {fastmatch: Fast match() Function},
	author       = {Simon Urbanek},
	year         = 2023,
	url          = {http://www.rforge.net/fastmatch},
	note         = {R package version 1.1-4}
}
@manual{R-fgsea,
	title        = {fgsea: Fast Gene Set Enrichment Analysis},
	author       = {Gennady Korotkevich and Vladimir Sukhov and Alexey Sergushichev},
	year         = 2023,
	doi          = {10.18129/B9.bioc.fgsea},
	url          = {https://bioconductor.org/packages/fgsea},
	note         = {R package version 1.28.0}
}
@manual{R-filelock,
	title        = {filelock: Portable File Locking},
	author       = {Gábor Csárdi},
	year         = 2023,
	url          = {https://r-lib.github.io/filelock/},
	note         = {R package version 1.0.3, https://github.com/r-lib/filelock}
}
@manual{R-flashClust,
	title        = {flashClust: Implementation of optimal hierarchical clustering},
	author       = {Fionn Murtagh and {R development team} and Peter Langfelder},
	year         = 2012,
	url          = {https://CRAN.R-project.org/package=flashClust},
	note         = {R package version 1.01-2}
}
@manual{R-fontawesome,
	title        = {fontawesome: Easily Work with Font Awesome Icons},
	author       = {Richard Iannone},
	year         = 2023,
	url          = {https://github.com/rstudio/fontawesome},
	note         = {R package version 0.5.2, https://rstudio.github.io/fontawesome/}
}
@manual{R-forcats,
	title        = {forcats: Tools for Working with Categorical Variables (Factors)},
	author       = {Hadley Wickham},
	year         = 2023,
	url          = {https://forcats.tidyverse.org/},
	note         = {R package version 1.0.0, https://github.com/tidyverse/forcats}
}
@manual{R-foreach,
	title        = {foreach: Provides Foreach Looping Construct},
	author       = {{Revolution Analytics} and Steve Weston}
}
,
  year = {2022},
  note = {R package version 1.5.2},
  url = {https://github.com/RevolutionAnalytics/foreach},
}
@manual{R-formatR,
	title        = {formatR: Format R Code Automatically},
	author       = {Yihui Xie},
	year         = 2023,
	url          = {https://github.com/yihui/formatR},
	note         = {R package version 1.14}
}
@manual{R-fs,
	title        = {fs: Cross-Platform File System Operations Based on libuv},
	author       = {Jim Hester and Hadley Wickham and Gábor Csárdi},
	year         = 2024,
	url          = {https://fs.r-lib.org},
	note         = {R package version 1.6.4}
}
@manual{R-fst,
	title        = {fst: Lightning Fast Serialization of Data Frames},
	author       = {Mark Klik},
	year         = 2022,
	url          = {http://www.fstpackage.org},
	note         = {R package version 0.9.8}
}
@manual{R-fstcore,
	title        = {fstcore: R Bindings to the Fstlib Library},
	author       = {Mark Klik},
	year         = 2023,
	url          = {https://www.fstpackage.org/fstcore/},
	note         = {R package version 0.9.18}
}
@manual{R-futile.logger,
	title        = {futile.logger: A Logging Utility for R},
	author       = {Brian Lee Yung Rowe},
	year         = 2016,
	url          = {https://CRAN.R-project.org/package=futile.logger},
	note         = {R package version 1.4.3}
}
@manual{R-futile.options,
	title        = {futile.options: Futile Options Management},
	author       = {Brian Lee Yung Rowe},
	year         = 2018,
	url          = {https://CRAN.R-project.org/package=futile.options},
	note         = {R package version 1.0.1}
}
@manual{R-future,
	title        = {future: Unified Parallel and Distributed Processing in R for Everyone},
	author       = {Henrik Bengtsson},
	year         = 2024,
	url          = {https://future.futureverse.org},
	note         = {R package version 1.33.2, https://github.com/HenrikBengtsson/future}
}
@manual{R-future.apply,
	title        = {future.apply: Apply Function to Elements in Parallel using Futures},
	author       = {Henrik Bengtsson},
	year         = 2024,
	url          = {https://future.apply.futureverse.org},
	note         = {R package version 1.11.2, https://github.com/HenrikBengtsson/future.apply}
}
@manual{R-gargle,
	title        = {gargle: Utilities for Working with Google APIs},
	author       = {Jennifer Bryan and Craig Citro and Hadley Wickham},
	year         = 2023,
	url          = {https://gargle.r-lib.org},
	note         = {R package version 1.5.2}
}
@manual{R-generics,
	title        = {generics: Common S3 Generics not Provided by Base R Methods Related to Model Fitting},
	author       = {Hadley Wickham and Max Kuhn and Davis Vaughan},
	year         = 2022,
	url          = {https://generics.r-lib.org},
	note         = {R package version 0.1.3}
}
@manual{R-GenomeInfoDb,
	title        = {GenomeInfoDb: Utilities for manipulating chromosome names, including modifying them to follow a particular naming style},
	author       = {Sonali Arora and Martin Morgan and Marc Carlson and Hervé Pagès},
	year         = 2024,
	doi          = {10.18129/B9.bioc.GenomeInfoDb},
	url          = {https://bioconductor.org/packages/GenomeInfoDb},
	note         = {R package version 1.38.8}
}
@manual{R-GenomeInfoDbData,
	title        = {GenomeInfoDbData: Species and taxonomy ID look up tables used by GenomeInfoDb},
	author       = {Bioconductor Core Team},
	year         = 2023,
	note         = {R package version 1.2.11}
}
@manual{R-GenomicRanges,
	title        = {GenomicRanges: Representation and manipulation of genomic intervals},
	author       = {Patrick Aboyoun and Hervé Pagès and Michael Lawrence},
	year         = 2023,
	doi          = {10.18129/B9.bioc.GenomicRanges},
	url          = {https://bioconductor.org/packages/GenomicRanges},
	note         = {R package version 1.54.1}
}
@manual{R-gert,
	title        = {gert: Simple Git Client for R},
	author       = {Jeroen Ooms},
	year         = 2023,
	url          = {https://docs.ropensci.org/gert/ https://ropensci.r-universe.dev/gert},
	note         = {R package version 2.0.1}
}
@manual{R-getip,
	title        = {getip: IP Address Lookup},
	author       = {Drew Schmidt and Wei-Chen Chen},
	year         = 2023,
	url          = {https://CRAN.R-project.org/package=getip},
	note         = {R package version 0.1-4}
}
@manual{R-ggforce,
	title        = {ggforce: Accelerating ggplot2},
	author       = {Thomas Lin Pedersen},
	year         = 2024,
	url          = {https://ggforce.data-imaginist.com},
	note         = {R package version 0.4.2, https://github.com/thomasp85/ggforce}
}
@manual{R-ggplot2,
	title        = {ggplot2: Create Elegant Data Visualisations Using the Grammar of Graphics},
	author       = {Hadley Wickham and Winston Chang and Lionel Henry and Thomas Lin Pedersen and Kohske Takahashi and Claus Wilke and Kara Woo and Hiroaki Yutani and Dewey Dunnington and Teun {van den Brand}},
	year         = 2024,
	url          = {https://ggplot2.tidyverse.org},
	note         = {R package version 3.5.1, https://github.com/tidyverse/ggplot2}
}
@manual{R-ggrepel,
	title        = {ggrepel: Automatically Position Non-Overlapping Text Labels with ggplot2},
	author       = {Kamil Slowikowski},
	year         = 2024,
	url          = {https://ggrepel.slowkow.com/},
	note         = {R package version 0.9.5}
}
@manual{R-ggthemes,
	title        = {ggthemes: Extra Themes, Scales and Geoms for ggplot2},
	author       = {Jeffrey B. Arnold},
	year         = 2024,
	url          = {https://jrnold.github.io/ggthemes/},
	note         = {R package version 5.1.0, https://github.com/jrnold/ggthemes}
}
@manual{R-gh,
	title        = {gh: GitHub 'API'},
	author       = {Jennifer Bryan and Hadley Wickham},
	year         = 2024,
	url          = {https://gh.r-lib.org/},
	note         = {R package version 1.4.1}
}
@manual{R-gitcreds,
	title        = {gitcreds: Query git Credentials from R},
	author       = {Gábor Csárdi},
	year         = 2022,
	url          = {https://gitcreds.r-lib.org/},
	note         = {R package version 0.1.2}
}
@manual{R-glasso,
	title        = {glasso: Graphical Lasso: Estimation of Gaussian Graphical Models},
	author       = {Jerome Friedman and Trevor Hastie and Rob Tibshirani},
	year         = 2019,
	url          = {http://www-stat.stanford.edu/~tibs/glasso},
	note         = {R package version 1.11}
}
@manual{R-globals,
	title        = {globals: Identify Global Objects in R Expressions},
	author       = {Henrik Bengtsson},
	year         = 2024,
	url          = {https://globals.futureverse.org},
	note         = {R package version 0.16.3, https://github.com/HenrikBengtsson/globals}
}
@manual{R-glue,
	title        = {glue: Interpreted String Literals},
	author       = {Jim Hester and Jennifer Bryan},
	year         = 2024,
	url          = {https://glue.tidyverse.org/},
	note         = {R package version 1.7.0}
}
@manual{R-gmm,
	title        = {gmm: Generalized Method of Moments and Generalized Empirical Likelihood},
	author       = {Pierre Chausse},
	year         = 2023,
	url          = {https://CRAN.R-project.org/package=gmm},
	note         = {R package version 1.8}
}
@manual{R-googledrive,
	title        = {googledrive: An Interface to Google Drive},
	author       = {Lucy {D'Agostino McGowan} and Jennifer Bryan},
	year         = 2023,
	url          = {https://googledrive.tidyverse.org},
	note         = {R package version 2.1.1, https://github.com/tidyverse/googledrive}
}
@manual{R-googlesheets4,
	title        = {googlesheets4: Access Google Sheets using the Sheets API V4},
	author       = {Jennifer Bryan},
	year         = 2023,
	url          = {https://googlesheets4.tidyverse.org},
	note         = {R package version 1.1.1, https://github.com/tidyverse/googlesheets4}
}
@manual{R-gower,
	title        = {gower: Gower's Distance},
	author       = {Mark {van der Loo}},
	year         = 2022,
	url          = {https://github.com/markvanderloo/gower},
	note         = {R package version 1.0.1}
}
@manual{R-gplots,
	title        = {gplots: Various R Programming Tools for Plotting Data},
	author       = {Gregory R. Warnes and Ben Bolker and Lodewijk Bonebakker and Robert Gentleman and Wolfgang Huber and Andy Liaw and Thomas Lumley and Martin Maechler and Arni Magnusson and Steffen Moeller and Marc Schwartz and Bill Venables},
	year         = 2024,
	url          = {https://github.com/talgalili/gplots},
	note         = {R package version 3.1.3.1}
}
@manual{R-graph,
	title        = {graph: A package to handle graph data structures},
	author       = {R Gentleman and Elizabeth Whalen and W Huber and S Falcon},
	year         = 2023,
	doi          = {10.18129/B9.bioc.graph},
	url          = {https://bioconductor.org/packages/graph},
	note         = {R package version 1.80.0}
}
@manual{R-gridExtra,
	title        = {gridExtra: Miscellaneous Functions for "Grid" Graphics},
	author       = {Baptiste Auguie},
	year         = 2017,
	url          = {https://CRAN.R-project.org/package=gridExtra},
	note         = {R package version 2.3}
}
@manual{R-gtable,
	title        = {gtable: Arrange Grobs in Tables},
	author       = {Hadley Wickham and Thomas Lin Pedersen},
	year         = 2024,
	url          = {https://gtable.r-lib.org},
	note         = {R package version 0.3.5}
}
@manual{R-gtools,
	title        = {gtools: Various R Programming Tools},
	author       = {Gregory R. Warnes and Ben Bolker and Thomas Lumley and Arni Magnusson and Bill Venables and Genei Ryodan and Steffen Moeller},
	year         = 2023,
	url          = {https://github.com/r-gregmisc/gtools},
	note         = {R package version 3.9.5}
}
@manual{R-hardhat,
	title        = {hardhat: Construct Modeling Packages},
	author       = {Davis Vaughan and Max Kuhn},
	year         = 2024,
	url          = {https://github.com/tidymodels/hardhat},
	note         = {R package version 1.3.1, https://hardhat.tidymodels.org}
}
@manual{R-haven,
	title        = {haven: Import and Export SPSS, Stata and SAS Files},
	author       = {Hadley Wickham and Evan Miller and Danny Smith},
	year         = 2023,
	url          = {https://haven.tidyverse.org},
	note         = {R package version 2.5.4}
}
@manual{R-highr,
	title        = {highr: Syntax Highlighting for R Source Code},
	author       = {Yihui Xie and Yixuan Qiu},
	year         = 2022,
	url          = {https://github.com/yihui/highr},
	note         = {R package version 0.10}
}
@manual{R-hms,
	title        = {hms: Pretty Time of Day},
	author       = {Kirill Müller},
	year         = 2023,
	url          = {https://hms.tidyverse.org/},
	note         = {R package version 1.1.3}
}
@manual{R-HotellingEllipse,
	title        = {HotellingEllipse: Hotelling T-Square and Confidence Ellipse},
	author       = {Christian L. Goueguel},
	year         = 2022,
	url          = {https://github.com/ChristianGoueguel/HotellingEllipse},
	note         = {R package version 1.1.0}
}
@manual{R-htmltools,
	title        = {htmltools: Tools for HTML},
	author       = {Joe Cheng and Carson Sievert and Barret Schloerke and Winston Chang and Yihui Xie and Jeff Allen},
	year         = 2024,
	url          = {https://github.com/rstudio/htmltools},
	note         = {R package version 0.5.8.1, https://rstudio.github.io/htmltools/}
}
@manual{R-htmlwidgets,
	title        = {htmlwidgets: HTML Widgets for R},
	author       = {Ramnath Vaidyanathan and Yihui Xie and JJ Allaire and Joe Cheng and Carson Sievert and Kenton Russell},
	year         = 2023,
	url          = {https://github.com/ramnathv/htmlwidgets},
	note         = {R package version 1.6.4}
}
@manual{R-httpuv,
	title        = {httpuv: HTTP and WebSocket Server Library},
	author       = {Joe Cheng and Winston Chang and Steve Reid and James Brown and Bob Trower and Alexander Peslyak},
	year         = 2024,
	url          = {https://github.com/rstudio/httpuv},
	note         = {R package version 1.6.15}
}
@manual{R-httr,
	title        = {httr: Tools for Working with URLs and HTTP},
	author       = {Hadley Wickham},
	year         = 2023,
	url          = {https://httr.r-lib.org/},
	note         = {R package version 1.4.7}
}
@manual{R-httr2,
	title        = {httr2: Perform HTTP Requests and Process the Responses},
	author       = {Hadley Wickham},
	year         = 2024,
	url          = {https://httr2.r-lib.org},
	note         = {R package version 1.0.1}
}
@manual{R-ids,
	title        = {ids: Generate Random Identifiers},
	author       = {Rich FitzJohn},
	year         = 2017,
	url          = {https://github.com/richfitz/ids},
	note         = {R package version 1.0.1}
}
@manual{R-igraph,
	title        = {igraph: Network Analysis and Visualization},
	author       = {Gábor Csárdi and Tamás Nepusz and Vincent Traag and Szabolcs Horvát and Fabio Zanini and Daniel Noom and Kirill Müller},
	year         = 2024,
	url          = {https://r.igraph.org/},
	note         = {R package version 2.0.3}
}
@manual{R-impute,
	title        = {impute: Imputation for microarray data},
	author       = {Trevor Hastie and Robert Tibshirani and Balasubramanian Narasimhan and Gilbert Chu},
	year         = 2023,
	doi          = {10.18129/B9.bioc.impute},
	url          = {https://bioconductor.org/packages/impute},
	note         = {R package version 1.76.0}
}
@manual{R-imputeLCMD,
	title        = {imputeLCMD: A Collection of Methods for Left-Censored Missing Data Imputation},
	author       = {Cosmin Lazar and Thomas Burger},
	year         = 2022,
	url          = {https://CRAN.R-project.org/package=imputeLCMD},
	note         = {R package version 2.1}
}
@manual{R-ini,
	title        = {ini: Read and Write .ini Files},
	author       = {David Valentim Dias},
	year         = 2018,
	url          = {https://github.com/dvdscripter/ini},
	note         = {R package version 0.3.1}
}
@manual{R-ipred,
	title        = {ipred: Improved Predictors},
	author       = {Andrea Peters and Torsten Hothorn},
	year         = 2023,
	url          = {https://CRAN.R-project.org/package=ipred},
	note         = {R package version 0.9-14}
}
@manual{R-IRanges,
	title        = {IRanges: Foundation of integer range manipulation in Bioconductor},
	author       = {Hervé Pagès and Patrick Aboyoun and Michael Lawrence},
	year         = 2023,
	doi          = {10.18129/B9.bioc.IRanges},
	url          = {https://bioconductor.org/packages/IRanges},
	note         = {R package version 2.36.0}
}
@manual{R-isoband,
	title        = {isoband: Generate Isolines and Isobands from Regularly Spaced Elevation Grids},
	author       = {Hadley Wickham and Claus O. Wilke and Thomas Lin Pedersen},
	year         = 2022,
	url          = {https://isoband.r-lib.org},
	note         = {R package version 0.2.7}
}
@manual{R-iterators,
	title        = {iterators: Provides Iterator Construct},
	author       = {Revolution Analytics and Steve Weston},
	year         = 2022,
	url          = {https://github.com/RevolutionAnalytics/iterators},
	note         = {R package version 1.0.14}
}
@manual{R-itertools,
	title        = {itertools: Iterator Tools},
	author       = {Steve Weston and Hadley Wickham},
	year         = 2014,
	url          = {https://CRAN.R-project.org/package=itertools},
	note         = {R package version 0.1-3}
}
@manual{R-janeaustenr,
	title        = {janeaustenr: Jane Austen's Complete Novels},
	author       = {Julia Silge},
	year         = 2022,
	url          = {https://github.com/juliasilge/janeaustenr},
	note         = {R package version 1.0.0}
}
@manual{R-jquerylib,
	title        = {jquerylib: Obtain jQuery as an HTML Dependency Object},
	author       = {Carson Sievert and Joe Cheng},
	year         = 2021,
	url          = {https://CRAN.R-project.org/package=jquerylib},
	note         = {R package version 0.1.4}
}
@manual{R-jsonlite,
	title        = {jsonlite: A Simple and Robust JSON Parser and Generator for R},
	author       = {Jeroen Ooms},
	year         = 2023,
	url          = {https://jeroen.r-universe.dev/jsonlite https://arxiv.org/abs/1403.2805},
	note         = {R package version 1.8.8}
}
@manual{R-knitr,
	title        = {knitr: A General-Purpose Package for Dynamic Report Generation in R},
	author       = {Yihui Xie},
	year         = 2024,
	url          = {https://yihui.org/knitr/},
	note         = {R package version 1.46}
}
@manual{R-labeling,
	title        = {labeling: Axis Labeling},
	author       = {Justin Talbot,},
	year         = 2023,
	url          = {https://CRAN.R-project.org/package=labeling},
	note         = {R package version 0.4.3}
}
@manual{R-laeken,
	title        = {laeken: Estimation of Indicators on Social Exclusion and Poverty},
	author       = {Andreas Alfons and Josef Holzer and Matthias Templ},
	year         = 2024,
	url          = {https://CRAN.R-project.org/package=laeken},
	note         = {R package version 0.5.3}
}
@manual{R-lambda.r,
	title        = {lambda.r: Modeling Data with Functional Programming},
	author       = {Brian Lee Yung Rowe},
	year         = 2019,
	url          = {https://CRAN.R-project.org/package=lambda.r},
	note         = {R package version 1.2.4}
}
@manual{R-later,
	title        = {later: Utilities for Scheduling Functions to Execute Later with Event Loops},
	author       = {Winston Chang and Joe Cheng},
	year         = 2023,
	url          = {https://r-lib.github.io/later/},
	note         = {R package version 1.3.2}
}
@manual{R-lava,
	title        = {lava: Latent Variable Models},
	author       = {Klaus K. Holst},
	year         = 2024,
	url          = {https://kkholst.github.io/lava/},
	note         = {R package version 1.8.0}
}
@manual{R-lazyeval,
	title        = {lazyeval: Lazy (Non-Standard) Evaluation},
	author       = {Hadley Wickham},
	year         = 2019,
	url          = {https://CRAN.R-project.org/package=lazyeval},
	note         = {R package version 0.2.2}
}
@manual{R-leaps,
	title        = {leaps: Regression Subset Selection},
	author       = {Thomas Lumley},
	year         = 2020,
	url          = {https://CRAN.R-project.org/package=leaps},
	note         = {R package version 3.1}
}
@manual{R-lifecycle,
	title        = {lifecycle: Manage the Life Cycle of your Package Functions},
	author       = {Lionel Henry and Hadley Wickham},
	year         = 2023,
	url          = {https://lifecycle.r-lib.org/},
	note         = {R package version 1.0.4}
}
@manual{R-limma,
	title        = {limma: Linear Models for Microarray Data},
	author       = {Gordon Smyth and Yifang Hu and Matthew Ritchie and Jeremy Silver and James Wettenhall and Davis McCarthy and Di Wu and Wei Shi and Belinda Phipson and Aaron Lun and Natalie Thorne and Alicia Oshlack and Carolyn {de Graaf} and Yunshun Chen and Mette Langaas and Egil Ferkingstad and Marcus Davy and Francois Pepin and Dongseok Choi},
	year         = 2023,
	doi          = {10.18129/B9.bioc.limma},
	url          = {https://bioconductor.org/packages/limma},
	note         = {R package version 3.58.1}
}
@manual{R-listenv,
	title        = {listenv: Environments Behaving (Almost) as Lists},
	author       = {Henrik Bengtsson},
	year         = 2024,
	url          = {https://listenv.futureverse.org},
	note         = {R package version 0.9.1, https://github.com/HenrikBengtsson/listenv}
}
@manual{R-lme4,
	title        = {lme4: Linear Mixed-Effects Models using Eigen and S4},
	author       = {Douglas Bates and Martin Maechler and Ben Bolker and Steven Walker},
	year         = 2024,
	url          = {https://github.com/lme4/lme4/},
	note         = {R package version 1.1-35.3}
}
@manual{R-lmtest,
	title        = {lmtest: Testing Linear Regression Models},
	author       = {Torsten Hothorn and Achim Zeileis and Richard W. Farebrother and Clint Cummins},
	year         = 2022,
	url          = {https://CRAN.R-project.org/package=lmtest},
	note         = {R package version 0.9-40}
}
@manual{R-locfit,
	title        = {locfit: Local Regression, Likelihood and Density Estimation},
	author       = {Catherine Loader},
	year         = 2024,
	url          = {https://CRAN.R-project.org/package=locfit},
	note         = {R package version 1.5-9.9}
}
@manual{R-lpSolve,
	title        = {lpSolve: Interface to Lp_solve v. 5.5 to Solve Linear/Integer Programs},
	author       = {Michel Berkelaar and others},
	year         = 2023,
	url          = {https://github.com/gaborcsardi/lpSolve},
	note         = {R package version 5.6.20}
}
@manual{R-lubridate,
	title        = {lubridate: Make Dealing with Dates a Little Easier},
	author       = {Vitalie Spinu and Garrett Grolemund and Hadley Wickham},
	year         = 2023,
	url          = {https://lubridate.tidyverse.org},
	note         = {R package version 1.9.3, https://github.com/tidyverse/lubridate}
}
@manual{R-magick,
	title        = {magick: Advanced Graphics and Image-Processing in R},
	author       = {Jeroen Ooms},
	year         = 2024,
	url          = {https://docs.ropensci.org/magick/ https://ropensci.r-universe.dev/magick},
	note         = {R package version 2.8.3}
}
@manual{R-magrittr,
	title        = {magrittr: A Forward-Pipe Operator for R},
	author       = {Stefan Milton Bache and Hadley Wickham},
	year         = 2022,
	url          = {https://magrittr.tidyverse.org},
	note         = {R package version 2.0.3, https://github.com/tidyverse/magrittr}
}
@manual{R-MALDIquant,
	title        = {MALDIquant: Quantitative Analysis of Mass Spectrometry Data},
	author       = {Sebastian Gibb},
	year         = 2024,
	url          = {https://strimmerlab.github.io/software/maldiquant/},
	note         = {R package version 1.22.2, https://github.com/sgibb/MALDIquant/}
}
@manual{R-MassSpecWavelet,
	title        = {MassSpecWavelet: Peak Detection for Mass Spectrometry data using wavelet-based algorithms},
	author       = {Pan Du and Warren Kibbe and Simon Lin and Sergio {Oller Moreno}},
	year         = 2023,
	doi          = {10.18129/B9.bioc.MassSpecWavelet},
	url          = {https://bioconductor.org/packages/MassSpecWavelet},
	note         = {R package version 1.68.0}
}
@manual{R-MatrixGenerics,
	title        = {MatrixGenerics: S4 Generic Summary Statistic Functions that Operate on Matrix-Like Objects},
	author       = {Constantin Ahlmann-Eltze and Peter Hickey and Hervé Pagès},
	year         = 2023,
	doi          = {10.18129/B9.bioc.MatrixGenerics},
	url          = {https://bioconductor.org/packages/MatrixGenerics},
	note         = {R package version 1.14.0}
}
@manual{R-MatrixModels,
	title        = {MatrixModels: Modelling with Sparse and Dense Matrices},
	author       = {Douglas Bates and Martin Maechler},
	year         = 2023,
	url          = {https://Matrix.R-forge.R-project.org/},
	note         = {R package version 0.5-3, https://r-forge.r-project.org/R/?group_id=61}
}
@manual{R-matrixStats,
	title        = {matrixStats: Functions that Apply to Rows and Columns of Matrices (and to Vectors)},
	author       = {Henrik Bengtsson},
	year         = 2024,
	url          = {https://github.com/HenrikBengtsson/matrixStats},
	note         = {R package version 1.3.0}
}
@manual{R-memoise,
	title        = {memoise: Memoisation of Functions},
	author       = {Hadley Wickham and Jim Hester and Winston Chang and Kirill Müller and Daniel Cook},
	year         = 2021,
	url          = {https://memoise.r-lib.org},
	note         = {R package version 2.0.1}
}
@manual{R-MetaboAnalystR,
	title        = {MetaboAnalystR: An R Package for Comprehensive Analysis of Metabolomics Data},
	author       = {Jianguo Xia and Jasmine Chong and Zhiqiang Pang},
	year         = 2024,
	note         = {R package version 4.0.0}
}
@manual{R-MetaboCoreUtils,
	title        = {MetaboCoreUtils: Core Utils for Metabolomics Data},
	author       = {Johannes Rainer and Michael Witting and Andrea Vicini and Sebastian Gibb and Roger Gine and Philippine Louail},
	year         = 2023,
	doi          = {10.18129/B9.bioc.MetaboCoreUtils},
	url          = {https://bioconductor.org/packages/MetaboCoreUtils},
	note         = {R package version 1.10.0}
}
@manual{R-metabolomicsWorkbenchR,
	title        = {metabolomicsWorkbenchR: Metabolomics Workbench in R},
	author       = {Gavin Rhys Lloyd and Ralf Johannes Maria Weber},
	year         = 2023,
	doi          = {10.18129/B9.bioc.metabolomicsWorkbenchR},
	url          = {https://bioconductor.org/packages/metabolomicsWorkbenchR},
	note         = {R package version 1.12.0}
}
@manual{R-metaboPipe,
	title        = {metaboPipe: Create a pipeline for metabolomics data analysis},
	author       = {Eduard {Perez Mendez}},
	year         = 2024,
	url          = {https://github.com/eperezme/metaboPipe},
	note         = {R package version 0.0.0.9000}
}
@manual{R-mime,
	title        = {mime: Map Filenames to MIME Types},
	author       = {Yihui Xie},
	year         = 2021,
	url          = {https://github.com/yihui/mime},
	note         = {R package version 0.12}
}
@manual{R-miniUI,
	title        = {miniUI: Shiny UI Widgets for Small Screens},
	author       = {Joe Cheng},
	year         = 2018,
	url          = {https://CRAN.R-project.org/package=miniUI},
	note         = {R package version 0.1.1.1}
}
@manual{R-minqa,
	title        = {minqa: Derivative-Free Optimization Algorithms by Quadratic Approximation},
	author       = {Douglas Bates and Katharine M. Mullen and John C. Nash and Ravi Varadhan},
	year         = 2023,
	url          = {http://optimizer.r-forge.r-project.org},
	note         = {R package version 1.2.6}
}
@manual{R-mirai,
	title        = {mirai: Minimalist Async Evaluation Framework for R},
	author       = {Charlie Gao},
	year         = 2024,
	url          = {https://shikokuchuo.net/mirai/},
	note         = {R package version 1.0.0, https://github.com/shikokuchuo/mirai/}
}
@manual{R-missForest,
	title        = {missForest: Nonparametric Missing Value Imputation using Random Forest},
	author       = {Daniel J. Stekhoven},
	year         = 2022,
	url          = {https://www.r-project.org},
	note         = {R package version 1.5}
}
@manual{R-ModelMetrics,
	title        = {ModelMetrics: Rapid Calculation of Model Metrics},
	author       = {Tyler Hunt},
	year         = 2020,
	url          = {https://CRAN.R-project.org/package=ModelMetrics},
	note         = {R package version 1.2.2.2}
}
@manual{R-modelr,
	title        = {modelr: Modelling Functions that Work with the Pipe},
	author       = {Hadley Wickham},
	year         = 2023,
	url          = {https://modelr.tidyverse.org},
	note         = {R package version 0.1.11}
}
@manual{R-MsCoreUtils,
	title        = {MsCoreUtils: Core Utils for Mass Spectrometry Data},
	author       = {Laurent Gatto and Johannes Rainer and Sebastian Gibb},
	year         = 2023,
	doi          = {10.18129/B9.bioc.MsCoreUtils},
	url          = {https://bioconductor.org/packages/MsCoreUtils},
	note         = {R package version 1.14.1}
}
@manual{R-MsExperiment,
	title        = {MsExperiment: Infrastructure for Mass Spectrometry Experiments},
	author       = {Laurent Gatto and Johannes Rainer and Sebastian Gibb},
	year         = 2023,
	doi          = {10.18129/B9.bioc.MsExperiment},
	url          = {https://bioconductor.org/packages/MsExperiment},
	note         = {R package version 1.4.0}
}
@manual{R-MsFeatures,
	title        = {MsFeatures: Functionality for Mass Spectrometry Features},
	author       = {Johannes Rainer},
	year         = 2023,
	doi          = {10.18129/B9.bioc.MsFeatures},
	url          = {https://bioconductor.org/packages/MsFeatures},
	note         = {R package version 1.10.0}
}
@manual{R-MSnbase,
	title        = {MSnbase: Base Functions and Classes for Mass Spectrometry and Proteomics},
	author       = {Laurent Gatto and Johannes Rainer and Sebastian Gibb},
	year         = 2023,
	doi          = {10.18129/B9.bioc.MSnbase},
	url          = {https://bioconductor.org/packages/MSnbase},
	note         = {R package version 2.28.1}
}
@manual{R-multcompView,
	title        = {multcompView: Visualizations of Paired Comparisons},
	author       = {Spencer Graves and Hans-Peter Piepho and Luciano Selzer with help from Sundar Dorai-Raj},
	year         = 2024,
	url          = {https://CRAN.R-project.org/package=multcompView},
	note         = {R package version 0.1-10}
}
@manual{R-MultiAssayExperiment,
	title        = {MultiAssayExperiment: Software for the integration of multi-omics experiments in Bioconductor},
	author       = {Marcel Ramos and Levi Waldron},
	year         = 2023,
	doi          = {10.18129/B9.bioc.MultiAssayExperiment},
	url          = {https://bioconductor.org/packages/MultiAssayExperiment},
	note         = {R package version 1.28.0}
}
@manual{R-multtest,
	title        = {multtest: Resampling-based multiple hypothesis testing},
	author       = {Katherine S. Pollard and Houston N. Gilbert and Yongchao Ge and Sandra Taylor and Sandrine Dudoit},
	year         = 2023,
	doi          = {10.18129/B9.bioc.multtest},
	url          = {https://bioconductor.org/packages/multtest},
	note         = {R package version 2.58.0}
}
@manual{R-munsell,
	title        = {munsell: Utilities for Using Munsell Colours},
	author       = {Charlotte Wickham},
	year         = 2024,
	url          = {https://cran.r-project.org/package=munsell},
	note         = {R package version 0.5.1, https://github.com/cwickham/munsell/}
}
@manual{R-mvtnorm,
	title        = {mvtnorm: Multivariate Normal and t Distributions},
	author       = {Alan Genz and Frank Bretz and Tetsuhisa Miwa and Xuefei Mi and Torsten Hothorn},
	year         = 2023,
	url          = {http://mvtnorm.R-forge.R-project.org},
	note         = {R package version 1.2-4}
}
@manual{R-mzID,
	title        = {mzID: An mzIdentML parser for R},
	author       = {Thomas Pedersen},
	year         = 2023,
	doi          = {10.18129/B9.bioc.mzID},
	url          = {https://bioconductor.org/packages/mzID},
	note         = {R package version 1.40.0}
}
@manual{R-mzR,
	title        = {mzR: parser for netCDF, mzXML, mzData and mzML and mzIdentML files (mass spectrometry data)},
	author       = {Steffen Neumann and Laurent Gatto and Qiakng Kou},
	year         = 2023,
	doi          = {10.18129/B9.bioc.mzR},
	url          = {https://bioconductor.org/packages/mzR},
	note         = {R package version 2.36.0}
}
@manual{R-nanonext,
	title        = {nanonext: NNG (Nanomsg Next Gen) Lightweight Messaging Library},
	author       = {Charlie Gao},
	year         = 2024,
	url          = {https://shikokuchuo.net/nanonext/},
	note         = {R package version 1.0.0, https://github.com/shikokuchuo/nanonext/}
}
@manual{R-ncdf4,
	title        = {ncdf4: Interface to Unidata netCDF (Version 4 or Earlier) Format Data Files},
	author       = {David Pierce},
	year         = 2023,
	url          = {https://cirrus.ucsd.edu/~pierce/ncdf/},
	note         = {R package version 1.22}
}
@manual{R-nloptr,
	title        = {nloptr: R Interface to NLopt},
	author       = {Jelmer Ypma and Steven G. Johnson},
	year         = 2022,
	url          = {https://astamm.github.io/nloptr/index.html},
	note         = {R package version 2.0.3, https://github.com/astamm/nloptr}
}
@manual{R-norm,
	title        = {norm: Analysis of Multivariate Normal Datasets with Missing Values},
	author       = {Ported to R by Alvaro A. Novo. Original by Joseph L. Schafer <jls@stat.psu.edu>.},
	year         = 2023,
	url          = {https://CRAN.R-project.org/package=norm},
	note         = {R package version 1.0-11.1}
}
@manual{R-numDeriv,
	title        = {numDeriv: Accurate Numerical Derivatives},
	author       = {Paul Gilbert and Ravi Varadhan},
	year         = 2019,
	url          = {http://optimizer.r-forge.r-project.org/},
	note         = {R package version 2016.8-1.1}
}
@manual{R-ontologyIndex,
	title        = {ontologyIndex: Reading Ontologies into R},
	author       = {Daniel Greene},
	year         = 2024,
	url          = {https://CRAN.R-project.org/package=ontologyIndex},
	note         = {R package version 2.12}
}
@manual{R-openssl,
	title        = {openssl: Toolkit for Encryption, Signatures and Certificates Based on OpenSSL},
	author       = {Jeroen Ooms},
	year         = 2024,
	url          = {https://jeroen.r-universe.dev/openssl},
	note         = {R package version 2.1.2}
}
@manual{R-parallelly,
	title        = {parallelly: Enhancing the parallel Package},
	author       = {Henrik Bengtsson},
	year         = 2024,
	url          = {https://parallelly.futureverse.org},
	note         = {R package version 1.37.1, https://github.com/HenrikBengtsson/parallelly}
}
@manual{R-pbkrtest,
	title        = {pbkrtest: Parametric Bootstrap, Kenward-Roger and Satterthwaite Based Methods for Test in Mixed Models},
	author       = {Ulrich Halekoh and Søren Højsgaard},
	year         = 2023,
	url          = {https://people.math.aau.dk/~sorenh/software/pbkrtest/},
	note         = {R package version 0.5.2}
}
@manual{R-pcaMethods,
	title        = {pcaMethods: A collection of PCA methods},
	author       = {Wolfram Stacklies and Henning Redestig and Kevin Wright},
	year         = 2023,
	doi          = {10.18129/B9.bioc.pcaMethods},
	url          = {https://bioconductor.org/packages/pcaMethods},
	note         = {R package version 1.94.0}
}
@manual{R-pillar,
	title        = {pillar: Coloured Formatting for Columns},
	author       = {Kirill Müller and Hadley Wickham},
	year         = 2023,
	url          = {https://pillar.r-lib.org/},
	note         = {R package version 1.9.0}
}
@manual{R-pkgbuild,
	title        = {pkgbuild: Find Tools Needed to Build R Packages},
	author       = {Hadley Wickham and Jim Hester and Gábor Csárdi},
	year         = 2024,
	url          = {https://github.com/r-lib/pkgbuild},
	note         = {R package version 1.4.4}
}
@manual{R-pkgcache,
	title        = {pkgcache: Cache CRAN-Like Metadata and R Packages},
	author       = {Gábor Csárdi},
	year         = 2024,
	url          = {https://r-lib.github.io/pkgcache/},
	note         = {R package version 2.2.2, https://github.com/r-lib/pkgcache}
}
@manual{R-pkgconfig,
	title        = {pkgconfig: Private Configuration for R Packages},
	author       = {Gábor Csárdi},
	year         = 2019,
	url          = {https://github.com/r-lib/pkgconfig#readme},
	note         = {R package version 2.0.3}
}
@manual{R-pkgdepends,
	title        = {pkgdepends: Package Dependency Resolution and Downloads},
	author       = {Gábor Csárdi},
	year         = 2024,
	url          = {https://r-lib.github.io/pkgdepends/},
	note         = {R package version 0.7.2, https://github.com/r-lib/pkgdepends}
}
@manual{R-pkgdown,
	title        = {pkgdown: Make Static HTML Documentation for a Package},
	author       = {Hadley Wickham and Jay Hesselberth and Maëlle Salmon},
	year         = 2024,
	url          = {https://pkgdown.r-lib.org},
	note         = {R package version 2.0.9}
}
@manual{R-pkgload,
	title        = {pkgload: Simulate Package Installation and Attach},
	author       = {Hadley Wickham and Winston Chang and Jim Hester and Lionel Henry},
	year         = 2024,
	url          = {https://github.com/r-lib/pkgload},
	note         = {R package version 1.3.4}
}
@manual{R-plogr,
	title        = {plogr: The plog C++ Logging Library},
	author       = {Kirill Müller},
	year         = 2018,
	url          = {https://github.com/krlmlr/plogr#readme},
	note         = {R package version 0.2.0}
}
@manual{R-plotly,
	title        = {plotly: Create Interactive Web Graphics via plotly.js},
	author       = {Carson Sievert and Chris Parmer and Toby Hocking and Scott Chamberlain and Karthik Ram and Marianne Corvellec and Pedro Despouy},
	year         = 2024,
	url          = {https://plotly-r.com},
	note         = {R package version 4.10.4}
}
@manual{R-plyr,
	title        = {plyr: Tools for Splitting, Applying and Combining Data},
	author       = {Hadley Wickham},
	year         = 2023,
	url          = {http://had.co.nz/plyr},
	note         = {R package version 1.8.9}
}
@manual{R-pmp,
	title        = {pmp: Peak Matrix Processing and signal batch correction for metabolomics datasets},
	author       = {Andris Jankevics and Gavin Rhys Lloyd and Ralf Johannes Maria Weber},
	year         = 2024,
	note         = {R package version 1.14.1}
}
@manual{R-polyclip,
	title        = {polyclip: Polygon Clipping},
	author       = {Angus Johnson and Adrian Baddeley},
	year         = 2023,
	url          = {http://www.angusj.com/delphi/clipper.php},
	note         = {R package version 1.10-6, https://sourceforge.net/projects/polyclipping}
}
@manual{R-praise,
	title        = {praise: Praise Users},
	author       = {Gabor Csardi and Sindre Sorhus},
	year         = 2015,
	url          = {https://github.com/gaborcsardi/praise},
	note         = {R package version 1.0.0}
}
@manual{R-preprocessCore,
	title        = {preprocessCore: A collection of pre-processing functions},
	author       = {Ben Bolstad},
	year         = 2023,
	doi          = {10.18129/B9.bioc.preprocessCore},
	url          = {https://bioconductor.org/packages/preprocessCore},
	note         = {R package version 1.64.0}
}
@manual{R-prettyunits,
	title        = {prettyunits: Pretty, Human Readable Formatting of Quantities},
	author       = {Gabor Csardi},
	year         = 2023,
	url          = {https://github.com/r-lib/prettyunits},
	note         = {R package version 1.2.0}
}
@manual{R-pROC,
	title        = {pROC: Display and Analyze ROC Curves},
	author       = {Xavier Robin and Natacha Turck and Alexandre Hainard and Natalia Tiberti and Frédérique Lisacek and Jean-Charles Sanchez and Markus Müller},
	year         = 2023,
	url          = {https://xrobin.github.io/pROC/},
	note         = {R package version 1.18.5}
}
@manual{R-processx,
	title        = {processx: Execute and Control System Processes},
	author       = {Gábor Csárdi and Winston Chang},
	year         = 2024,
	url          = {https://processx.r-lib.org},
	note         = {R package version 3.8.4}
}
@manual{R-prodlim,
	title        = {prodlim: Product-Limit Estimation for Censored Event History Analysis},
	author       = {Thomas A. Gerds},
	year         = 2023,
	url          = {https://CRAN.R-project.org/package=prodlim},
	note         = {R package version 2023.08.28}
}
@manual{R-profvis,
	title        = {profvis: Interactive Visualizations for Profiling R Code},
	author       = {Winston Chang and Javier Luraschi and Timothy Mastny},
	year         = 2023,
	url          = {https://rstudio.github.io/profvis/},
	note         = {R package version 0.3.8}
}
@manual{R-progress,
	title        = {progress: Terminal Progress Bars},
	author       = {Gábor Csárdi and Rich FitzJohn},
	year         = 2023,
	url          = {https://github.com/r-lib/progress#readme},
	note         = {R package version 1.2.3, http://r-lib.github.io/progress/}
}
@manual{R-progressr,
	title        = {progressr: An Inclusive, Unifying API for Progress Updates},
	author       = {Henrik Bengtsson},
	year         = 2023,
	url          = {https://progressr.futureverse.org},
	note         = {R package version 0.14.0, https://github.com/HenrikBengtsson/progressr}
}
@manual{R-promises,
	title        = {promises: Abstractions for Promise-Based Asynchronous Programming},
	author       = {Joe Cheng},
	year         = 2024,
	url          = {https://rstudio.github.io/promises/},
	note         = {R package version 1.3.0, https://github.com/rstudio/promises}
}
@manual{R-ProtGenerics,
	title        = {ProtGenerics: Generic infrastructure for Bioconductor mass spectrometry packages},
	author       = {Laurent Gatto and Johannes Rainer},
	year         = 2023,
	doi          = {10.18129/B9.bioc.ProtGenerics},
	url          = {https://bioconductor.org/packages/ProtGenerics},
	note         = {R package version 1.34.0}
}
@manual{R-proxy,
	title        = {proxy: Distance and Similarity Measures},
	author       = {David Meyer and Christian Buchta},
	year         = 2022,
	url          = {https://CRAN.R-project.org/package=proxy},
	note         = {R package version 0.4-27}
}
@manual{R-ps,
	title        = {ps: List, Query, Manipulate System Processes},
	author       = {Jay Loden and Dave Daeschler and Giampaolo Rodola' and Gábor Csárdi},
	year         = 2024,
	url          = {https://github.com/r-lib/ps},
	note         = {R package version 1.7.6}
}
@manual{R-purrr,
	title        = {purrr: Functional Programming Tools},
	author       = {Hadley Wickham and Lionel Henry},
	year         = 2023,
	url          = {https://purrr.tidyverse.org/},
	note         = {R package version 1.0.2}
}
@manual{R-QFeatures,
	title        = {QFeatures: Quantitative features for mass spectrometry data},
	author       = {Laurent Gatto and Christophe Vanderaa},
	year         = 2023,
	doi          = {10.18129/B9.bioc.QFeatures},
	url          = {https://bioconductor.org/packages/QFeatures},
	note         = {R package version 1.12.0}
}
@manual{R-qs,
	title        = {qs: Quick Serialization of R Objects},
	author       = {Travers Ching},
	year         = 2024,
	url          = {https://github.com/traversc/qs},
	note         = {R package version 0.26.1}
}
@manual{R-quantreg,
	title        = {quantreg: Quantile Regression},
	author       = {Roger Koenker},
	year         = 2023,
	url          = {https://www.r-project.org},
	note         = {R package version 5.97}
}
@manual{R-R6,
	title        = {R6: Encapsulated Classes with Reference Semantics},
	author       = {Winston Chang},
	year         = 2021,
	url          = {https://r6.r-lib.org},
	note         = {R package version 2.5.1}
}
@manual{R-ragg,
	title        = {ragg: Graphic Devices Based on AGG},
	author       = {Thomas Lin Pedersen and Maxim Shemanarev},
	year         = 2024,
	url          = {https://ragg.r-lib.org},
	note         = {R package version 1.3.1}
}
@manual{R-randomForest,
	title        = {randomForest: Breiman and Cutler's Random Forests for Classification and Regression},
	author       = {Leo Breiman and Adele Cutler and Andy Liaw and Matthew Wiener},
	year         = 2022,
	url          = {https://www.stat.berkeley.edu/~breiman/RandomForests/},
	note         = {R package version 4.7-1.1}
}
@manual{R-ranger,
	title        = {ranger: A Fast Implementation of Random Forests},
	author       = {Marvin N. Wright and Stefan Wager and Philipp Probst},
	year         = 2023,
	url          = {http://imbs-hl.github.io/ranger/},
	note         = {R package version 0.16.0, https://github.com/imbs-hl/ranger}
}
@manual{R-RANN,
	title        = {RANN: Fast Nearest Neighbour Search (Wraps ANN Library) Using L2 Metric},
	author       = {Sunil Arya and David Mount and Samuel E. Kemp and Gregory Jefferis},
	year         = 2019,
	url          = {https://github.com/jefferis/RANN},
	note         = {R package version 2.6.1}
}
@manual{R-RApiSerialize,
	title        = {RApiSerialize: R API Serialization},
	author       = {Dirk Eddelbuettel and Ei-ji Nakama and Junji Nakano and R Core},
	year         = 2022,
	url          = {https://github.com/eddelbuettel/rapiserialize},
	note         = {R package version 0.1.2, https://dirk.eddelbuettel.com/code/rapiserialize.html}
}
@manual{R-rappdirs,
	title        = {rappdirs: Application Directories: Determine Where to Save Data, Caches, and Logs},
	author       = {Sridhar Ratnakumar and Trent Mick and Trevor Davis},
	year         = 2021,
	url          = {https://rappdirs.r-lib.org},
	note         = {R package version 0.3.3}
}
@manual{R-RBGL,
	title        = {RBGL: An interface to the BOOST graph library},
	author       = {Vince Carey and Li Long and R. Gentleman},
	year         = 2023,
	doi          = {10.18129/B9.bioc.RBGL},
	url          = {https://bioconductor.org/packages/RBGL},
	note         = {R package version 1.78.0}
}
@manual{R-rcmdcheck,
	title        = {rcmdcheck: Run R CMD check from R and Capture Results},
	author       = {Gábor Csárdi},
	year         = 2021,
	url          = {https://r-lib.github.io/rcmdcheck/},
	note         = {R package version 1.4.0, https://github.com/r-Lib/rcmdcheck#readme}
}
@manual{R-RColorBrewer,
	title        = {RColorBrewer: ColorBrewer Palettes},
	author       = {Erich Neuwirth},
	year         = 2022,
	url          = {https://CRAN.R-project.org/package=RColorBrewer},
	note         = {R package version 1.1-3}
}
@manual{R-Rcpp,
	title        = {Rcpp: Seamless R and C++ Integration},
	author       = {Dirk Eddelbuettel and Romain Francois and JJ Allaire and Kevin Ushey and Qiang Kou and Nathan Russell and Inaki Ucar and Douglas Bates and John Chambers},
	year         = 2024,
	url          = {https://www.rcpp.org},
	note         = {R package version 1.0.12, https://dirk.eddelbuettel.com/code/rcpp.html}
}
@manual{R-RcppEigen,
	title        = {RcppEigen: Rcpp Integration for the Eigen Templated Linear Algebra Library},
	author       = {Douglas Bates and Dirk Eddelbuettel and Romain Francois and Yixuan Qiu; the authors of Eigen for the included version of Eigen},
	year         = 2024,
	url          = {https://github.com/RcppCore/RcppEigen},
	note         = {R package version 0.3.4.0.0, https://dirk.eddelbuettel.com/code/rcpp.eigen.html}
}
@manual{R-RcppParallel,
	title        = {RcppParallel: Parallel Programming Tools for Rcpp},
	author       = {JJ Allaire and Romain Francois and Kevin Ushey and Gregory Vandenbrouck and Marcus Geelnard and {Intel}},
	year         = 2023,
	url          = {https://rcppcore.github.io/RcppParallel/},
	note         = {R package version 5.1.7, https://github.com/RcppCore/RcppParallel}
}
@manual{R-RCurl,
	title        = {RCurl: General Network (HTTP/FTP/...) Client Interface for R},
	author       = {Duncan {Temple Lang}},
	year         = 2024,
	url          = {https://CRAN.R-project.org/package=RCurl},
	note         = {R package version 1.98-1.14}
}
@manual{R-readr,
	title        = {readr: Read Rectangular Text Data},
	author       = {Hadley Wickham and Jim Hester and Jennifer Bryan},
	year         = 2024,
	url          = {https://readr.tidyverse.org},
	note         = {R package version 2.1.5}
}
@manual{R-readxl,
	title        = {readxl: Read Excel Files},
	author       = {Hadley Wickham and Jennifer Bryan},
	year         = 2023,
	url          = {https://readxl.tidyverse.org},
	note         = {R package version 1.4.3}
}
@manual{R-recipes,
	title        = {recipes: Preprocessing and Feature Engineering Steps for Modeling},
	author       = {Max Kuhn and Hadley Wickham and Emil Hvitfeldt},
	year         = 2024,
	url          = {https://github.com/tidymodels/recipes},
	note         = {R package version 1.0.10, https://recipes.tidymodels.org/}
}
@manual{R-rematch,
	title        = {rematch: Match Regular Expressions with a Nicer API},
	author       = {Gabor Csardi},
	year         = 2023,
	url          = {https://github.com/gaborcsardi/rematch},
	note         = {R package version 2.0.0}
}
@manual{R-rematch2,
	title        = {rematch2: Tidy Output from Regular Expression Matching},
	author       = {Gábor Csárdi},
	year         = 2020,
	url          = {https://github.com/r-lib/rematch2#readme},
	note         = {R package version 2.1.2}
}
@manual{R-remotes,
	title        = {remotes: R Package Installation from Remote Repositories, Including GitHub},
	author       = {Gábor Csárdi and Jim Hester and Hadley Wickham and Winston Chang and Martin Morgan and Dan Tenenbaum},
	year         = 2024,
	url          = {https://remotes.r-lib.org},
	note         = {R package version 2.5.0}
}
@manual{R-renv,
	title        = {renv: Project Environments},
	author       = {Kevin Ushey and Hadley Wickham},
	year         = 2024,
	url          = {https://rstudio.github.io/renv/},
	note         = {R package version 1.0.5}
}
@manual{R-reprex,
	title        = {reprex: Prepare Reproducible Example Code via the Clipboard},
	author       = {Jennifer Bryan and Jim Hester and David Robinson and Hadley Wickham and Christophe Dervieux},
	year         = 2024,
	url          = {https://reprex.tidyverse.org},
	note         = {R package version 2.1.0}
}
@manual{R-reshape2,
	title        = {reshape2: Flexibly Reshape Data: A Reboot of the Reshape Package},
	author       = {Hadley Wickham},
	year         = 2020,
	url          = {https://github.com/hadley/reshape},
	note         = {R package version 1.4.4}
}
@manual{R-Rhdf5lib,
	title        = {Rhdf5lib: hdf5 library as an R package},
	author       = {Mike Smith},
	year         = 2024,
	doi          = {10.18129/B9.bioc.Rhdf5lib},
	url          = {https://bioconductor.org/packages/Rhdf5lib},
	note         = {R package version 1.24.2}
}
@manual{R-rlang,
	title        = {rlang: Functions for Base Types and Core R and Tidyverse Features},
	author       = {Lionel Henry and Hadley Wickham},
	year         = 2024,
	url          = {https://rlang.r-lib.org},
	note         = {R package version 1.1.3}
}
@manual{R-rmarkdown,
	title        = {rmarkdown: Dynamic Documents for R},
	author       = {JJ Allaire and Yihui Xie and Christophe Dervieux and Jonathan McPherson and Javier Luraschi and Kevin Ushey and Aron Atkins and Hadley Wickham and Joe Cheng and Winston Chang and Richard Iannone},
	year         = 2024,
	url          = {https://github.com/rstudio/rmarkdown},
	note         = {R package version 2.26, https://pkgs.rstudio.com/rmarkdown/}
}
@manual{R-rngtools,
	title        = {rngtools: Utility Functions for Working with Random Number Generators},
	author       = {Renaud Gaujoux},
	year         = 2021,
	url          = {https://renozao.github.io/rngtools/},
	note         = {R package version 1.5.2}
}
@manual{R-robustbase,
	title        = {robustbase: Basic Robust Statistics},
	author       = {Valentin Todorov and Andreas Ruckstuhl and Matias Salibian-Barrera and Tobias Verbeke and Manuel Koller and Martin Maechler},
	year         = 2024,
	url          = {https://robustbase.R-forge.R-project.org/},
	note         = {R package version 0.99-2, https://R-forge.R-project.org/R/?group_id=59}
}
@manual{R-rols,
	title        = {rols: An R interface to the Ontology Lookup Service},
	author       = {Laurent Gatto},
	year         = 2024,
	doi          = {10.18129/B9.bioc.rols},
	url          = {https://bioconductor.org/packages/rols},
	note         = {R package version 2.30.2}
}
@manual{R-roxygen2,
	title        = {roxygen2: In-Line Documentation for R},
	author       = {Hadley Wickham and Peter Danenberg and Gábor Csárdi and Manuel Eugster},
	year         = 2024,
	url          = {https://roxygen2.r-lib.org/},
	note         = {R package version 7.3.1}
}
@manual{R-rprojroot,
	title        = {rprojroot: Finding Files in Project Subdirectories},
	author       = {Kirill Müller},
	year         = 2023,
	url          = {https://rprojroot.r-lib.org/},
	note         = {R package version 2.0.4}
}
@manual{R-Rserve,
	title        = {Rserve: Binary R server},
	author       = {Simon Urbanek},
	year         = 2023,
	url          = {http://www.rforge.net/Rserve/},
	note         = {R package version 1.8-13}
}
@manual{R-RSQLite,
	title        = {RSQLite: SQLite Interface for R},
	author       = {Kirill Müller and Hadley Wickham and David A. James and Seth Falcon},
	year         = 2024,
	url          = {https://rsqlite.r-dbi.org},
	note         = {R package version 2.3.6}
}
@manual{R-rstudioapi,
	title        = {rstudioapi: Safely Access the RStudio API},
	author       = {Kevin Ushey and JJ Allaire and Hadley Wickham and Gary Ritchie},
	year         = 2024,
	url          = {https://rstudio.github.io/rstudioapi/},
	note         = {R package version 0.16.0, https://github.com/rstudio/rstudioapi}
}
@manual{R-rversions,
	title        = {rversions: Query R Versions, Including r-release and r-oldrel},
	author       = {Gábor Csárdi},
	year         = 2022,
	url          = {https://github.com/r-hub/rversions},
	note         = {R package version 2.1.2, https://r-hub.github.io/rversions/}
}
@manual{R-rvest,
	title        = {rvest: Easily Harvest (Scrape) Web Pages},
	author       = {Hadley Wickham},
	year         = 2024,
	url          = {https://rvest.tidyverse.org/},
	note         = {R package version 1.0.4}
}
@manual{R-S4Arrays,
	title        = {S4Arrays: Foundation of array-like containers in Bioconductor},
	author       = {Hervé Pagès},
	year         = 2024,
	doi          = {10.18129/B9.bioc.S4Arrays},
	url          = {https://bioconductor.org/packages/S4Arrays},
	note         = {R package version 1.2.1}
}
@manual{R-S4Vectors,
	title        = {S4Vectors: Foundation of vector-like and list-like containers in Bioconductor},
	author       = {Hervé Pagès and Michael Lawrence and Patrick Aboyoun},
	year         = 2023,
	doi          = {10.18129/B9.bioc.S4Vectors},
	url          = {https://bioconductor.org/packages/S4Vectors},
	note         = {R package version 0.40.2}
}
@manual{R-sandwich,
	title        = {sandwich: Robust Covariance Matrix Estimators},
	author       = {Achim Zeileis and Thomas Lumley},
	year         = 2023,
	url          = {https://sandwich.R-Forge.R-project.org/},
	note         = {R package version 3.1-0}
}
@manual{R-sass,
	title        = {sass: Syntactically Awesome Style Sheets (Sass)},
	author       = {Joe Cheng and Timothy Mastny and Richard Iannone and Barret Schloerke and Carson Sievert},
	year         = 2024,
	url          = {https://rstudio.github.io/sass/},
	note         = {R package version 0.4.9.9000}
}
@manual{R-scales,
	title        = {scales: Scale Functions for Visualization},
	author       = {Hadley Wickham and Thomas Lin Pedersen and Dana Seidel},
	year         = 2023,
	url          = {https://scales.r-lib.org},
	note         = {R package version 1.3.0}
}
@manual{R-scatterplot3d,
	title        = {scatterplot3d: 3D Scatter Plot},
	author       = {Uwe Ligges and Martin Maechler and Sarah Schnackenberg},
	year         = 2023,
	url          = {https://CRAN.R-project.org/package=scatterplot3d},
	note         = {R package version 0.3-44}
}
@manual{R-scrime,
	title        = {scrime: Analysis of High-Dimensional Categorical Data Such as SNP Data},
	author       = {Holger Schwender and with a contribution of Arno Fritsch},
	year         = 2018,
	url          = {https://CRAN.R-project.org/package=scrime},
	note         = {R package version 1.3.5}
}
@manual{R-secretbase,
	title        = {secretbase: Cryptographic Hash and Extendable-Output Functions},
	author       = {Charlie Gao},
	year         = 2024,
	url          = {https://shikokuchuo.net/secretbase/},
	note         = {R package version 0.5.0, https://github.com/shikokuchuo/secretbase/}
}
@manual{R-selectr,
	title        = {selectr: Translate CSS Selectors to XPath Expressions},
	author       = {Simon Potter and Simon Sapin and Ian Bicking},
	year         = 2019,
	url          = {https://sjp.co.nz/projects/selectr},
	note         = {R package version 0.4-2}
}
@manual{R-sessioninfo,
	title        = {sessioninfo: R Session Information},
	author       = {Hadley Wickham and Winston Chang and Robert Flight and Kirill Müller and Jim Hester},
	year         = 2021,
	url          = {https://github.com/r-lib/sessioninfo#readme},
	note         = {R package version 1.2.2, https://r-lib.github.io/sessioninfo/}
}
@manual{R-shape,
	title        = {shape: Functions for Plotting Graphical Shapes, Colors},
	author       = {Karline Soetaert},
	year         = 2024,
	url          = {https://CRAN.R-project.org/package=shape},
	note         = {R package version 1.4.6.1}
}
@manual{R-shiny,
	title        = {shiny: Web Application Framework for R},
	author       = {Winston Chang and Joe Cheng and JJ Allaire and Carson Sievert and Barret Schloerke and Yihui Xie and Jeff Allen and Jonathan McPherson and Alan Dipert and Barbara Borges},
	year         = 2024,
	url          = {https://shiny.posit.co/},
	note         = {R package version 1.8.1.1}
}
@manual{R-shinyFiles,
	title        = {shinyFiles: A Server-Side File System Viewer for Shiny},
	author       = {Thomas Lin Pedersen and Vincent Nijs and Thomas Schaffner and Eric Nantz},
	year         = 2022,
	url          = {https://github.com/thomasp85/shinyFiles},
	note         = {R package version 0.9.3}
}
@manual{R-siggenes,
	title        = {siggenes: Multiple Testing using SAM and Efron's Empirical Bayes Approaches},
	author       = {Holger Schwender},
	year         = 2023,
	doi          = {10.18129/B9.bioc.siggenes},
	url          = {https://bioconductor.org/packages/siggenes},
	note         = {R package version 1.76.0}
}
@manual{R-snow,
	title        = {snow: Simple Network of Workstations},
	author       = {Luke Tierney and A. J. Rossini and Na Li and H. Sevcikova},
	year         = 2021,
	url          = {https://CRAN.R-project.org/package=snow},
	note         = {R package version 0.4-4}
}
@manual{R-SnowballC,
	title        = {SnowballC: Snowball Stemmers Based on the C libstemmer UTF-8 Library},
	author       = {Milan Bouchet-Valat},
	year         = 2023,
	url          = {https://github.com/nalimilan/R.TeMiS},
	note         = {R package version 0.7.1}
}
@manual{R-sourcetools,
	title        = {sourcetools: Tools for Reading, Tokenizing and Parsing R Code},
	author       = {Kevin Ushey},
	year         = 2023,
	url          = {https://CRAN.R-project.org/package=sourcetools},
	note         = {R package version 0.1.7-1}
}
@manual{R-sp,
	title        = {sp: Classes and Methods for Spatial Data},
	author       = {Edzer Pebesma and Roger Bivand},
	year         = 2024,
	url          = {https://github.com/edzer/sp/},
	note         = {R package version 2.1-4}
}
@manual{R-SparseArray,
	title        = {SparseArray: Efficient in-memory representation of multidimensional sparse arrays},
	author       = {Hervé Pagès},
	year         = 2024,
	doi          = {10.18129/B9.bioc.SparseArray},
	url          = {https://bioconductor.org/packages/SparseArray},
	note         = {R package version 1.2.4}
}
@manual{R-SparseM,
	title        = {SparseM: Sparse Linear Algebra},
	author       = {Roger Koenker},
	year         = 2021,
	url          = {http://www.econ.uiuc.edu/~roger/research/sparse/sparse.html},
	note         = {R package version 1.81}
}
@manual{R-Spectra,
	title        = {Spectra: Spectra Infrastructure for Mass Spectrometry Data},
	author       = {Laurent Gatto and Johannes Rainer and Sebastian Gibb},
	year         = 2023,
	doi          = {10.18129/B9.bioc.Spectra},
	url          = {https://bioconductor.org/packages/Spectra},
	note         = {R package version 1.12.0}
}
@manual{R-SQUAREM,
	title        = {SQUAREM: Squared Extrapolation Methods for Accelerating EM-Like Monotone Algorithms},
	author       = {Ravi Varadhan},
	year         = 2021,
	url          = {https://coah.jhu.edu/people/Faculty_personal_Pages/Varadhan.html},
	note         = {R package version 2021.1}
}
@manual{R-statmod,
	title        = {statmod: Statistical Modeling},
	author       = {Gordon Smyth and Lizhong Chen and Yifang Hu and Peter Dunn and Belinda Phipson and Yunshun Chen},
	year         = 2023,
	url          = {https://CRAN.R-project.org/package=statmod},
	note         = {R package version 1.5.0}
}
@manual{R-stringdist,
	title        = {stringdist: Approximate String Matching, Fuzzy Text Search, and String Distance Functions},
	author       = {Mark {van der Loo}},
	year         = 2023,
	url          = {https://github.com/markvanderloo/stringdist},
	note         = {R package version 0.9.12}
}
@manual{R-stringfish,
	title        = {stringfish: Alt String Implementation},
	author       = {Travers Ching},
	year         = 2023,
	url          = {https://github.com/traversc/stringfish},
	note         = {R package version 0.16.0}
}
@manual{R-stringi,
	title        = {stringi: Fast and Portable Character String Processing Facilities},
	author       = {Marek Gagolewski and Bartek Tartanus and others; Unicode and {Inc.} and others},
	year         = 2024,
	url          = {https://stringi.gagolewski.com/},
	note         = {R package version 1.8.4, https://github.com/gagolews/stringi}
}
@manual{R-stringr,
	title        = {stringr: Simple, Consistent Wrappers for Common String Operations},
	author       = {Hadley Wickham},
	year         = 2023,
	url          = {https://stringr.tidyverse.org},
	note         = {R package version 1.5.1, https://github.com/tidyverse/stringr}
}
@manual{R-struct,
	title        = {struct: Statistics in R Using Class-based Templates},
	author       = {Gavin Rhys Lloyd and Ralf Johannes Maria Weber},
	year         = 2024,
	note         = {R package version 1.14.1}
}
@manual{R-structToolbox,
	title        = {structToolbox: Data processing \& analysis tools for Metabolomics and other omics},
	author       = {Gavin Rhys Lloyd and Ralf Johannes Maria Weber},
	year         = 2023,
	doi          = {10.18129/B9.bioc.structToolbox},
	url          = {https://bioconductor.org/packages/structToolbox},
	note         = {R package version 1.14.0}
}
@manual{R-SummarizedExperiment,
	title        = {SummarizedExperiment: SummarizedExperiment container},
	author       = {Martin Morgan and Valerie Obenchain and Jim Hester and Hervé Pagès},
	year         = 2023,
	doi          = {10.18129/B9.bioc.SummarizedExperiment},
	url          = {https://bioconductor.org/packages/SummarizedExperiment},
	note         = {R package version 1.32.0}
}
@manual{R-sys,
	title        = {sys: Powerful and Reliable Tools for Running System Commands in R},
	author       = {Jeroen Ooms},
	year         = 2023,
	url          = {https://jeroen.r-universe.dev/sys},
	note         = {R package version 3.4.2}
}
@manual{R-systemfonts,
	title        = {systemfonts: System Native Font Finding},
	author       = {Thomas Lin Pedersen and Jeroen Ooms and Devon Govett},
	year         = 2024,
	url          = {https://github.com/r-lib/systemfonts},
	note         = {R package version 1.0.6, https://systemfonts.r-lib.org}
}
@manual{R-tarchetypes,
	title        = {tarchetypes: Archetypes for Targets},
	author       = {William Michael Landau},
	year         = 2024,
	url          = {https://docs.ropensci.org/tarchetypes/},
	note         = {R package version 0.9.0, https://github.com/ropensci/tarchetypes}
}
@manual{R-targets,
	title        = {targets: Dynamic Function-Oriented Make-Like Declarative Pipelines},
	author       = {William Michael Landau},
	year         = 2024,
	url          = {https://docs.ropensci.org/targets/},
	note         = {R package version 1.6.0, https://github.com/ropensci/targets}
}
@manual{R-testthat,
	title        = {testthat: Unit Testing for R},
	author       = {Hadley Wickham},
	year         = 2024,
	url          = {https://testthat.r-lib.org},
	note         = {R package version 3.2.1.1}
}
@manual{R-textshaping,
	title        = {textshaping: Bindings to the HarfBuzz and Fribidi Libraries for Text Shaping},
	author       = {Thomas Lin Pedersen},
	year         = 2023,
	url          = {https://github.com/r-lib/textshaping},
	note         = {R package version 0.3.7}
}
@manual{R-tibble,
	title        = {tibble: Simple Data Frames},
	author       = {Kirill Müller and Hadley Wickham},
	year         = 2023,
	url          = {https://tibble.tidyverse.org/},
	note         = {R package version 3.2.1}
}
@manual{R-tidyr,
	title        = {tidyr: Tidy Messy Data},
	author       = {Hadley Wickham and Davis Vaughan and Maximilian Girlich},
	year         = 2024,
	url          = {https://tidyr.tidyverse.org},
	note         = {R package version 1.3.1}
}
@manual{R-tidyselect,
	title        = {tidyselect: Select from a Set of Strings},
	author       = {Lionel Henry and Hadley Wickham},
	year         = 2024,
	url          = {https://tidyselect.r-lib.org},
	note         = {R package version 1.2.1}
}
@manual{R-tidytext,
	title        = {tidytext: Text Mining using dplyr, ggplot2, and Other Tidy Tools},
	author       = {David Robinson and Julia Silge},
	year         = 2024,
	url          = {https://juliasilge.github.io/tidytext/},
	note         = {R package version 0.4.2, https://github.com/juliasilge/tidytext}
}
@manual{R-tidyverse,
	title        = {tidyverse: Easily Install and Load the Tidyverse},
	author       = {Hadley Wickham},
	year         = 2023,
	url          = {https://tidyverse.tidyverse.org},
	note         = {R package version 2.0.0, https://github.com/tidyverse/tidyverse}
}
@manual{R-timechange,
	title        = {timechange: Efficient Manipulation of Date-Times},
	author       = {Vitalie Spinu},
	year         = 2024,
	url          = {https://github.com/vspinu/timechange/},
	note         = {R package version 0.3.0}
}
@manual{R-timeDate,
	title        = {timeDate: Rmetrics - Chronological and Calendar Objects},
	author       = {Diethelm Wuertz and Tobias Setz and Yohan Chalabi and Georgi N. Boshnakov},
	year         = 2023,
	url          = {https://geobosh.github.io/timeDateDoc/},
	note         = {R package version 4032.109}
}
@manual{R-tinytex,
	title        = {tinytex: Helper Functions to Install and Maintain TeX Live, and Compile LaTeX Documents},
	author       = {Yihui Xie},
	year         = 2024,
	url          = {https://github.com/rstudio/tinytex},
	note         = {R package version 0.51}
}
@manual{R-tmvtnorm,
	title        = {tmvtnorm: Truncated Multivariate Normal and Student t Distribution},
	author       = {Stefan Wilhelm and Manjunath {B G}},
	year         = 2023,
	url          = {https://www.r-project.org},
	note         = {R package version 1.6}
}
@manual{R-tokenizers,
	title        = {tokenizers: Fast, Consistent Tokenization of Natural Language Text},
	author       = {Lincoln Mullen},
	year         = 2022,
	url          = {https://docs.ropensci.org/tokenizers/},
	note         = {R package version 0.3.0, https://github.com/ropensci/tokenizers}
}
@manual{R-tweenr,
	title        = {tweenr: Interpolate Data for Smooth Animations},
	author       = {Thomas Lin Pedersen},
	year         = 2024,
	url          = {https://github.com/thomasp85/tweenr},
	note         = {R package version 2.0.3}
}
@manual{R-tzdb,
	title        = {tzdb: Time Zone Database Information},
	author       = {Davis Vaughan},
	year         = 2023,
	url          = {https://tzdb.r-lib.org},
	note         = {R package version 0.4.0}
}
@manual{R-urlchecker,
	title        = {urlchecker: Run CRAN URL Checks from Older R Versions},
	author       = {{R Core team} and Jim Hester and Gábor Csárdi},
	year         = 2021,
	url          = {https://github.com/r-lib/urlchecker},
	note         = {R package version 1.0.1}
}
@manual{R-usethis,
	title        = {usethis: Automate Package and Project Setup},
	author       = {Hadley Wickham and Jennifer Bryan and Malcolm Barrett and Andy Teucher},
	year         = 2024,
	url          = {https://usethis.r-lib.org},
	note         = {R package version 2.2.3}
}
@manual{R-utf8,
	title        = {utf8: Unicode Text Processing},
	author       = {Patrick O. Perry},
	year         = 2023,
	url          = {https://ptrckprry.com/r-utf8/},
	note         = {R package version 1.2.4}
}
@manual{R-uuid,
	title        = {uuid: Tools for Generating and Handling of UUIDs},
	author       = {Simon Urbanek and Theodore Ts'o},
	year         = 2024,
	url          = {https://www.rforge.net/uuid},
	note         = {R package version 1.2-0}
}
@manual{R-vcd,
	title        = {vcd: Visualizing Categorical Data},
	author       = {David Meyer and Achim Zeileis and Kurt Hornik and Michael Friendly},
	year         = 2023,
	url          = {https://CRAN.R-project.org/package=vcd},
	note         = {R package version 1.4-12}
}
@manual{R-vctrs,
	title        = {vctrs: Vector Helpers},
	author       = {Hadley Wickham and Lionel Henry and Davis Vaughan},
	year         = 2023,
	url          = {https://vctrs.r-lib.org/},
	note         = {R package version 0.6.5}
}
@manual{R-VIM,
	title        = {VIM: Visualization and Imputation of Missing Values},
	author       = {Matthias Templ and Alexander Kowarik and Andreas Alfons and Gregor {de Cillia} and Wolfgang Rannetbauer},
	year         = 2022,
	url          = {https://github.com/statistikat/VIM},
	note         = {R package version 6.2.2}
}
@manual{R-viridisLite,
	title        = {viridisLite: Colorblind-Friendly Color Maps (Lite Version)},
	author       = {Simon Garnier},
	year         = 2023,
	url          = {https://sjmgarnier.github.io/viridisLite/},
	note         = {R package version 0.4.2, https://github.com/sjmgarnier/viridisLite/}
}
@manual{R-visNetwork,
	title        = {visNetwork: Network Visualization using vis.js Library},
	author       = {{Almende B.V. and Contributors} and Benoit Thieurmel},
	year         = 2022,
	url          = {https://datastorm-open.github.io/visNetwork/},
	note         = {R package version 2.1.2}
}
@manual{R-vroom,
	title        = {vroom: Read and Write Rectangular Text Data Quickly},
	author       = {Jim Hester and Hadley Wickham and Jennifer Bryan},
	year         = 2023,
	url          = {https://vroom.r-lib.org},
	note         = {R package version 1.6.5}
}
@manual{R-vsn,
	title        = {vsn: Variance stabilization and calibration for microarray data},
	author       = {Wolfgang Huber and with contributions from Anja von Heydebreck. Many comments and suggestions by users are acknowledged and among them Dennis Kostka and David Kreil and Hans-Ulrich Klein and Robert Gentleman and Deepayan Sarkar and Gordon Smyth},
	year         = 2023,
	doi          = {10.18129/B9.bioc.vsn},
	url          = {https://bioconductor.org/packages/vsn},
	note         = {R package version 3.70.0}
}
@manual{R-waldo,
	title        = {waldo: Find Differences Between R Objects},
	author       = {Hadley Wickham},
	year         = 2023,
	url          = {https://waldo.r-lib.org},
	note         = {R package version 0.5.2}
}
@manual{R-webshot,
	title        = {webshot: Take Screenshots of Web Pages},
	author       = {Winston Chang},
	year         = 2023,
	url          = {https://wch.github.io/webshot/},
	note         = {R package version 0.5.5}
}
@manual{R-whisker,
	title        = {whisker: {{mustache}} for R, Logicless Templating},
	author       = {Edwin {de Jonge}},
	year         = 2022,
	url          = {https://github.com/edwindj/whisker},
	note         = {R package version 0.4.1}
}
@manual{R-withr,
	title        = {withr: Run Code With Temporarily Modified Global State},
	author       = {Jim Hester and Lionel Henry and Kirill Müller and Kevin Ushey and Hadley Wickham and Winston Chang},
	year         = 2024,
	url          = {https://withr.r-lib.org},
	note         = {R package version 3.0.0}
}
@manual{R-xcms,
	title        = {xcms: LC-MS and GC-MS Data Analysis},
	author       = {Colin A. Smith and Ralf Tautenhahn and Steffen Neumann and Paul Benton and Christopher Conley and Johannes Rainer},
	year         = 2024,
	doi          = {10.18129/B9.bioc.xcms},
	url          = {https://bioconductor.org/packages/xcms},
	note         = {R package version 4.0.2}
}
@manual{R-xfun,
	title        = {xfun: Supporting Functions for Packages Maintained by Yihui Xie},
	author       = {Yihui Xie},
	year         = 2024,
	url          = {https://github.com/yihui/xfun},
	note         = {R package version 0.43}
}
@manual{R-XML,
	title        = {XML: Tools for Parsing and Generating XML Within R and S-Plus},
	author       = {Duncan {Temple Lang}},
	year         = 2024,
	url          = {https://www.omegahat.net/RSXML/},
	note         = {R package version 3.99-0.16.1}
}
@manual{R-xml2,
	title        = {xml2: Parse XML},
	author       = {Hadley Wickham and Jim Hester and Jeroen Ooms},
	year         = 2023,
	url          = {https://xml2.r-lib.org/},
	note         = {R package version 1.3.6}
}
@manual{R-xopen,
	title        = {xopen: Open System Files, URLs, Anything},
	author       = {Gábor Csárdi and Fathi Boudra and Rex Dieter and Kevin Krammer and Jeremy White},
	year         = 2024,
	url          = {https://github.com/r-lib/xopen#readme},
	note         = {R package version 1.0.1, https://r-lib.github.io/xopen/}
}
@manual{R-xtable,
	title        = {xtable: Export Tables to LaTeX or HTML},
	author       = {David B. Dahl and David Scott and Charles Roosen and Arni Magnusson and Jonathan Swinton},
	year         = 2019,
	url          = {http://xtable.r-forge.r-project.org/},
	note         = {R package version 1.8-4}
}
@manual{R-XVector,
	title        = {XVector: Foundation of external vector representation and manipulation in Bioconductor},
	author       = {Hervé Pagès and Patrick Aboyoun},
	year         = 2023,
	doi          = {10.18129/B9.bioc.XVector},
	url          = {https://bioconductor.org/packages/XVector},
	note         = {R package version 0.42.0}
}
@manual{R-yaml,
	title        = {yaml: Methods to Convert R Data to YAML and Back},
	author       = {Shawn P Garbett and Jeremy Stephens and Kirill Simonov and Yihui Xie and Zhuoer Dong and Hadley Wickham and Jeffrey Horner and {reikoch} and Will Beasley and Brendan O'Connor and Gregory R. Warnes and Michael Quinn and Zhian N. Kamvar},
	year         = 2023,
	url          = {https://github.com/vubiostat/r-yaml/},
	note         = {R package version 2.3.8}
}
@manual{R-yesno,
	title        = {yesno: Ask Yes-No Questions},
	author       = {Joe Thorley and Hadley Wickham},
	year         = 2020,
	url          = {https://github.com/poissonconsulting/yesno},
	note         = {R package version 0.1.2}
}
@manual{R-zip,
	title        = {zip: Cross-Platform zip Compression},
	author       = {Gábor Csárdi},
	year         = 2024,
	url          = {https://github.com/r-lib/zip},
	note         = {R package version 2.3.1}
}
@manual{R-zlibbioc,
	title        = {zlibbioc: An R packaged zlib-1.2.5},
	author       = {Martin Morgan},
	year         = 2024,
	doi          = {10.18129/B9.bioc.zlibbioc},
	url          = {https://bioconductor.org/packages/zlibbioc},
	note         = {R package version 1.48.2}
}
@manual{R-zoo,
	title        = {zoo: S3 Infrastructure for Regular and Irregular Time Series (Z's Ordered Observations)},
	author       = {Achim Zeileis and Gabor Grothendieck and Jeffrey A. Ryan},
	year         = 2023,
	url          = {https://zoo.R-Forge.R-project.org/},
	note         = {R package version 1.8-12}
}
@article{affy2004,
	title        = {affy---analysis of Affymetrix GeneChip data at the probe level},
	author       = {Laurent Gautier and Leslie Cope and Benjamin M. Bolstad and Rafael A. Irizarry},
	year         = 2004,
	journal      = {Bioinformatics},
	publisher    = {Oxford University Press},
	address      = {Oxford, UK},
	volume       = 20,
	number       = 3,
	pages        = {307--315},
	doi          = {10.1093/bioinformatics/btg405},
	issn         = {1367-4803}
}
@article{Biobase2015,
	title        = {{O}rchestrating high-throughput genomic analysis with {B}ioconductor},
	author       = {W. Huber and V. J. Carey and R. Gentleman and S. Anders and M. Carlson and B. S. Carvalho and H. C. Bravo and S. Davis and L. Gatto and T. Girke and R. Gottardo and F. Hahne and K. D. Hansen and R. A. Irizarry and M. Lawrence and M. I. Love and J. MacDonald and V. Obenchain and A. K. {Ole's} and H. {Pag`es} and A. Reyes and P. Shannon and G. K. Smyth and D. Tenenbaum and L. Waldron and M. Morgan},
	year         = 2015,
	journal      = {Nature Methods},
	volume       = 12,
	number       = 2,
	pages        = {115--121},
	url          = {http://www.nature.com/nmeth/journal/v12/n2/full/nmeth.3252.html}
}
@article{BiocGenerics2015,
	title        = {{O}rchestrating high-throughput genomic analysis with {B}ioconductor},
	author       = {{Huber} and {W.} and {Carey} and V. J. and {Gentleman} and {R.} and {Anders} and {S.} and {Carlson} and {M.} and {Carvalho} and B. S. and {Bravo} and H. C. and {Davis} and {S.} and {Gatto} and {L.} and {Girke} and {T.} and {Gottardo} and {R.} and {Hahne} and {F.} and {Hansen} and K. D. and {Irizarry} and R. A. and {Lawrence} and {M.} and {Love} and M. I. and {MacDonald} and {J.} and {Obenchain} and {V.} and {{Ole's}} and A. K. and {{Pag`es}} and {H.} and {Reyes} and {A.} and {Shannon} and {P.} and {Smyth} and G. K. and {Tenenbaum} and {D.} and {Waldron} and {L.} and {Morgan} and {M.}},
	year         = 2015,
	journal      = {Nature Methods},
	volume       = 12,
	number       = 2,
	pages        = {115--121},
	url          = {http://www.nature.com/nmeth/journal/v12/n2/full/nmeth.3252.html}
}
@book{bookdown2016,
	title        = {bookdown: Authoring Books and Technical Documents with {R} Markdown},
	author       = {Yihui Xie},
	year         = 2016,
	publisher    = {Chapman and Hall/CRC},
	address      = {Boca Raton, Florida},
	isbn         = {978-1138700109},
	url          = {https://bookdown.org/yihui/bookdown}
}
@book{car2019,
	title        = {An {R} Companion to Applied Regression},
	author       = {John Fox and Sanford Weisberg},
	year         = 2019,
	publisher    = {Sage},
	address      = {Thousand Oaks {CA}},
	url          = {https://socialsciences.mcmaster.ca/jfox/Books/Companion/},
	edition      = {Third}
}
@article{caret2008,
	title        = {Building Predictive Models in R Using the caret Package},
	author       = {{Kuhn} and {Max}},
	year         = 2008,
	journal      = {Journal of Statistical Software},
	volume       = 28,
	number       = 5,
	pages        = {1–26},
	doi          = {10.18637/jss.v028.i05},
	url          = {https://www.jstatsoft.org/index.php/jss/article/view/v028i05}
}
@article{clue2005,
	title        = {A {CLUE} for {CLUster Ensembles}},
	author       = {Kurt Hornik},
	year         = 2005,
	month        = {September},
	journal      = {Journal of Statistical Software},
	volume       = 14,
	number       = 12,
	doi          = {10.18637/jss.v014.i12}
}
@article{colorspace2020a,
	title        = {{colorspace}: A Toolbox for Manipulating and Assessing Colors and Palettes},
	author       = {Achim Zeileis and Jason C. Fisher and Kurt Hornik and Ross Ihaka and Claire D. McWhite and Paul Murrell and Reto Stauffer and Claus O. Wilke},
	year         = 2020,
	journal      = {Journal of Statistical Software},
	volume       = 96,
	number       = 1,
	pages        = {1--49},
	doi          = {10.18637/jss.v096.i01}
}
@article{colorspace2009a,
	title        = {Escaping {RGB}land: Selecting Colors for Statistical Graphics},
	author       = {Achim Zeileis and Kurt Hornik and Paul Murrell},
	year         = 2009,
	journal      = {Computational Statistics \& Data Analysis},
	volume       = 53,
	number       = 9,
	pages        = {3259--3270},
	doi          = {10.1016/j.csda.2008.11.033}
}
@article{colorspace2009b,
	title        = {Somewhere over the Rainbow: How to Make Effective Use of Colors in Meteorological Visualizations},
	author       = {Reto Stauffer and Georg J. Mayr and Markus Dabernig and Achim Zeileis},
	year         = 2009,
	journal      = {Bulletin of the American Meteorological Society},
	volume       = 96,
	number       = 2,
	pages        = {203--216},
	doi          = {10.1175/BAMS-D-13-00155.1}
}
@article{crmn2009,
	title        = {Compensation for systematic cross-contribution improves normalization of mass spectrometry based metabolomics data},
	author       = {Henning Redestig and Atsushi Fukushima and Hans Stenlund and Thomas Moritz and Masanori Arita and Kazuki Saito and Miyako Kusano},
	year         = 2009,
	journal      = {Analytical Chemistry},
	volume       = 81,
	pages        = {7974--7980}
}
@article{edgeR2010,
	title        = {edgeR: a Bioconductor package for differential expression analysis of digital gene expression data},
	author       = {Mark D Robinson and Davis J McCarthy and Gordon K Smyth},
	year         = 2010,
	journal      = {Bioinformatics},
	volume       = 26,
	number       = 1,
	pages        = {139--140},
	doi          = {10.1093/bioinformatics/btp616}
}
@article{edgeR2012,
	title        = {Differential expression analysis of multifactor RNA-Seq experiments with respect to biological variation},
	author       = {Davis J McCarthy and Yunshun Chen and Gordon K Smyth},
	year         = 2012,
	journal      = {Nucleic Acids Research},
	volume       = 40,
	number       = 10,
	pages        = {4288--4297},
	doi          = {10.1093/nar/gks042}
}
@article{edgeR2016,
	title        = {From reads to genes to pathways: differential expression analysis of RNA-Seq experiments using Rsubread and the edgeR quasi-likelihood pipeline},
	author       = {Yunshun Chen and Aaron T L Lun and Gordon K Smyth},
	year         = 2016,
	journal      = {F1000Research},
	volume       = 5,
	pages        = 1438,
	doi          = {10.12688/f1000research.8987.2}
}
@article{edgeR2024,
	title        = {edgeR 4.0: powerful differential analysis of sequencing data with expanded functionality and improved support for small counts and larger datasets},
	author       = {Yunshun Chen and Lizhong Chen and Aaron T L Lun and Pedro Baldoni and Gordon K Smyth},
	year         = 2024,
	journal      = {bioRxiv},
	doi          = {10.1101/2024.01.21.576131}
}
@article{FactoMineR2008,
	title        = {{FactoMineR}: A Package for Multivariate Analysis},
	author       = {S\'ebastien L\^e and Julie Josse and Fran\c{c}ois Husson},
	year         = 2008,
	journal      = {Journal of Statistical Software},
	volume       = 25,
	number       = 1,
	pages        = {1--18},
	doi          = {10.18637/jss.v025.i01}
}
@article{fgsea2019,
	title        = {Fast gene set enrichment analysis},
	author       = {Gennady Korotkevich and Vladimir Sukhov and Alexey Sergushichev},
	year         = 2019,
	journal      = {bioRxiv},
	publisher    = {Cold Spring Harbor Labs Journals},
	doi          = {10.1101/060012},
	url          = {http://biorxiv.org/content/early/2016/06/20/060012}
}
@article{flashClust2012,
	title        = {Fast {R} Functions for Robust Correlations and Hierarchical Clustering},
	author       = {Peter Langfelder and Steve Horvath},
	year         = 2012,
	journal      = {Journal of Statistical Software},
	volume       = 46,
	number       = 11,
	pages        = {1--17},
	url          = {http://www.jstatsoft.org/v46/i11/}
}
@article{RJ-2021-048,
	title        = {A Unifying Framework for Parallel and Distributed Processing in R using Futures},
	author       = {Henrik Bengtsson},
	year         = 2021,
	journal      = {The R Journal},
	volume       = 13,
	number       = 2,
	pages        = {208--227},
	doi          = {10.32614/RJ-2021-048},
	url          = {https://doi.org/10.32614/RJ-2021-048}
}
@article{GenomicRanges2013,
	title        = {Software for Computing and Annotating Genomic Ranges},
	author       = {Michael Lawrence and Wolfgang Huber and Herv\'e Pag\`es and Patrick Aboyoun and Marc Carlson and Robert Gentleman and Martin Morgan and Vincent Carey},
	year         = 2013,
	journal      = {{PLoS} Computational Biology},
	volume       = 9,
	doi          = {10.1371/journal.pcbi.1003118},
	url          = {http://www.ploscompbiol.org/article/info%3Adoi%2F10.1371%2Fjournal.pcbi.1003118},
	issue        = 8
}
@book{ggplot22016,
	title        = {ggplot2: Elegant Graphics for Data Analysis},
	author       = {Hadley Wickham},
	year         = 2016,
	publisher    = {Springer-Verlag New York},
	isbn         = {978-3-319-24277-4},
	url          = {https://ggplot2.tidyverse.org}
}
@article{gmm2010,
	title        = {Computing Generalized Method of Moments and Generalized Empirical Likelihood with {R}},
	author       = {Pierre Chausse},
	year         = 2010,
	journal      = {Journal of Statistical Software},
	volume       = 34,
	number       = 11,
	pages        = {1--35},
	doi          = {10.18637/jss.v034.i11}
}
@article{igraph2006,
	title        = {The igraph software package for complex network research},
	author       = {Gabor Csardi and Tamas Nepusz},
	year         = 2006,
	journal      = {InterJournal},
	volume       = {Complex Systems},
	pages        = 1695,
	url          = {https://igraph.org}
}
@article{IRanges2013,
	title        = {Software for Computing and Annotating Genomic Ranges},
	author       = {Michael Lawrence and Wolfgang Huber and Herv\'e Pag\`es and Patrick Aboyoun and Marc Carlson and Robert Gentleman and Martin Morgan and Vincent Carey},
	year         = 2013,
	journal      = {{PLoS} Computational Biology},
	volume       = 9,
	doi          = {10.1371/journal.pcbi.1003118},
	url          = {http://www.ploscompbiol.org/article/info%3Adoi%2F10.1371%2Fjournal.pcbi.1003118},
	issue        = 8
}
@article{jsonlite2014,
	title        = {The jsonlite Package: A Practical and Consistent Mapping Between JSON Data and R Objects},
	author       = {Jeroen Ooms},
	year         = 2014,
	journal      = {arXiv:1403.2805 [stat.CO]},
	url          = {https://arxiv.org/abs/1403.2805}
}
@book{knitr2015,
	title        = {Dynamic Documents with {R} and knitr},
	author       = {Yihui Xie},
	year         = 2015,
	publisher    = {Chapman and Hall/CRC},
	address      = {Boca Raton, Florida},
	url          = {https://yihui.org/knitr/},
	note         = {ISBN 978-1498716963},
	edition      = {2nd}
}
@incollection{knitr2014,
	title        = {knitr: A Comprehensive Tool for Reproducible Research in {R}},
	author       = {Yihui Xie},
	year         = 2014,
	booktitle    = {Implementing Reproducible Computational Research},
	publisher    = {Chapman and Hall/CRC},
	note         = {ISBN 978-1466561595},
	editor       = {Victoria Stodden and Friedrich Leisch and Roger D. Peng}
}
@article{laeken2013,
	title        = {Estimation of Social Exclusion Indicators from Complex Surveys: The {R} Package {laeken}},
	author       = {Andreas Alfons and Matthias Templ},
	year         = 2013,
	journal      = {Journal of Statistical Software},
	volume       = 54,
	number       = 15,
	pages        = {1--25},
	doi          = {10.18637/jss.v054.i15}
}
@article{lava2013,
	title        = {Linear Latent Variable Models: The lava-package},
	author       = {Klaus K. Holst and Esben Budtz-Joergensen},
	year         = 2013,
	journal      = {Computational Statistics},
	volume       = 28,
	number       = 4,
	pages        = {1385--1452},
	doi          = {10.1007/s00180-012-0344-y}
}
@article{lava2020,
	title        = {A two-stage estimation procedure for non-linear structural equation models},
	author       = {Klaus K. Holst and Esben Budtz-Joergensen},
	year         = 2020,
	journal      = {Biostatistics},
	volume       = 21,
	number       = 4,
	pages        = {676--691},
	doi          = {10.1093/biostatistics/kxy082}
}
@article{limma2015,
	title        = {{limma} powers differential expression analyses for {RNA}-sequencing and microarray studies},
	author       = {Matthew E Ritchie and Belinda Phipson and Di Wu and Yifang Hu and Charity W Law and Wei Shi and Gordon K Smyth},
	year         = 2015,
	journal      = {Nucleic Acids Research},
	volume       = 43,
	number       = 7,
	pages        = {e47},
	doi          = {10.1093/nar/gkv007}
}
@article{lme42015,
	title        = {Fitting Linear Mixed-Effects Models Using {lme4}},
	author       = {Douglas Bates and Martin M{\"a}chler and Ben Bolker and Steve Walker},
	year         = 2015,
	journal      = {Journal of Statistical Software},
	volume       = 67,
	number       = 1,
	pages        = {1--48},
	doi          = {10.18637/jss.v067.i01}
}
@article{lmtest2002,
	title        = {Diagnostic Checking in Regression Relationships},
	author       = {Achim Zeileis and Torsten Hothorn},
	year         = 2002,
	journal      = {R News},
	volume       = 2,
	number       = 3,
	pages        = {7--10},
	url          = {https://CRAN.R-project.org/doc/Rnews/}
}
@article{lubridate2011,
	title        = {Dates and Times Made Easy with {lubridate}},
	author       = {Garrett Grolemund and Hadley Wickham},
	year         = 2011,
	journal      = {Journal of Statistical Software},
	volume       = 40,
	number       = 3,
	pages        = {1--25},
	url          = {https://www.jstatsoft.org/v40/i03/}
}
@article{MALDIquant,
	title        = {{MALDI}quant: a versatile {R} package for the analysis of mass spectrometry data},
	author       = {Sebastian Gibb and Korbinian Strimmer},
	year         = 2012,
	journal      = {Bioinformatics},
	publisher    = {Oxford University Press},
	volume       = 28,
	number       = 17,
	pages        = {2270--2271},
	doi          = {10.1093/bioinformatics/bts447},
	url          = {https://academic.oup.com/bioinformatics/article-abstract/28/17/2270/246552},
	eprint       = {https://academic.oup.com/bioinformatics/article-pdf/28/17/2270/682111/bts447.pdf}
}
@article{MassSpecWavelet2006,
	title        = {Improved peak detection in mass spectrum by incorporating continuous wavelet transform-based pattern matching},
	author       = {Pan Du and Warren A. Kibbe and Simon M. Lin},
	year         = 2006,
	month        = {09},
	journal      = {Bioinformatics},
	volume       = 22,
	number       = 17,
	pages        = {2059--2065},
	doi          = {10.1093/bioinformatics/btl355},
	issn         = {1367-4803},
	url          = {https://doi.org/10.1093/bioinformatics/btl355},
	eprint       = {https://academic.oup.com/bioinformatics/article-pdf/22/17/2059/767773/btl355.pdf}
}
@article{MetaboAnalystR2020,
	title        = {MetaboAnalystR 3.0: Toward an Optimized Workflow for Global Metabolomics},
	author       = {Zhiqiang Pang and Jasmine Chong and Shuzhao Li and Jianguo Xia},
	year         = 2020,
	journal      = {Metabolites},
	doi          = {doi: 10.3390/metabo10050186},
	url          = {https://www.mdpi.com/2218-1989/10/5/186#cite}
}
@article{MetaboCoreUtils2022,
	title        = {A Modular and Expandable Ecosystem for Metabolomics Data Annotation in R},
	author       = {Johannes Rainer and Andrea Vicini and Liesa Salzer and Jan Stanstrup and Josep M. Badia and Steffen Neumann and Michael A. Stravs and Vinicius {Verri Hernandes} and Laurent Gatto and Sebastian Gibb and Michael Witting},
	year         = 2022,
	journal      = {Metabolites},
	volume       = 12,
	pages        = 173,
	doi          = {10.3390/metabo12020173},
	url          = {https://www.mdpi.com/2218-1989/12/2/173}
}
@article{missForest2012,
	title        = {MissForest - non-parametric missing value imputation for mixed-type data},
	author       = {Daniel J. Stekhoven and Peter Buehlmann},
	year         = 2012,
	journal      = {Bioinformatics},
	publisher    = {Oxford Univ Press},
	volume       = 28,
	number       = 1,
	pages        = {112--118}
}
@article{MsCoreUtils2022,
	title        = {A Modular and Expandable Ecosystem for Metabolomics Data Annotation in R},
	author       = {Johannes Rainer and Andrea Vicini and Liesa Salzer and Jan Stanstrup and Josep M. Badia and Steffen Neumann and Michael A. Stravs and Vinicius {Verri Hernandes} and Laurent Gatto and Sebastian Gibb and Michael Witting},
	year         = 2022,
	journal      = {Metabolites},
	volume       = 12,
	pages        = 173,
	doi          = {10.3390/metabo12020173},
	url          = {https://www.mdpi.com/2218-1989/12/2/173}
}
@article{MSnbase2012,
	title        = {MSnbase - an R/Bioconductor package for isobaric tagged mass spectrometry data visualization, processing and quantitation},
	author       = {Laurent Gatto and Kathryn Lilley},
	year         = 2012,
	journal      = {Bioinformatics},
	volume       = 28,
	pages        = {288--289}
}
@article{MSnbase2020,
	title        = {MSnbase, efficient and elegant R-based processing and visualisation of raw mass spectrometry data},
	author       = {Laurent Gatto and Sebastian Gibb and Johannes Rainer},
	year         = 2020,
	journal      = {bioRxiv}
}
@article{MultiAssayExperiment2017,
	title        = {Software For The Integration Of Multi-Omics Experiments In Bioconductor},
	author       = {Marcel Ramos and Lucas Schiffer and Angela Re and Rimsha Azhar and Azfar Basunia and Carmen Rodriguez Cabrera and Tiffany Chan and Philip Chapman and Sean Davis and David Gomez-Cabrero and Aedin C. Culhane and Benjamin Haibe-Kains and Kasper Hansen and Hanish Kodali and Marie Stephie Louis and Arvind Singh Mer and Markus Reister and Martin Morgan and Vincent Carey and Levi Waldron},
	year         = 2017,
	journal      = {Cancer Research},
	volume       = {77(21); e39-42}
}
@book{multtest2005,
	title        = {Multiple Testing Procedures: R multtest Package and Applications to Genomics, in Bioinformatics and Computational Biology Solutions Using R and Bioconductor},
	author       = {Katherine S. Pollard and Sandrine Dudoit and Mark J. {van der Laan}},
	year         = 2005,
	publisher    = {Springer}
}
@book{mvtnorm2009,
	title        = {Computation of Multivariate Normal and t Probabilities},
	author       = {Alan Genz and Frank Bretz},
	year         = 2009,
	publisher    = {Springer-Verlag},
	address      = {Heidelberg},
	series       = {Lecture Notes in Statistics},
	isbn         = {978-3-642-01688-2}
}
@article{mzR2012,
	title        = {{A cross-platform toolkit for mass spectrometry and proteomics}},
	author       = {{Chambers} and Matthew C. and {Maclean} and {Brendan} and {Burke} and {Robert} and {Amodei} and {Dario} and {Ruderman} and Daniel L. and {Neumann} and {Steffen} and {Gatto} and {Laurent} and {Fischer} and {Bernd} and {Pratt} and {Brian} and {Egertson} and {Jarrett} and {Hoff} and {Katherine} and {Kessner} and {Darren} and {Tasman} and {Natalie} and {Shulman} and {Nicholas} and {Frewen} and {Barbara} and {Baker} and Tahmina A. and {Brusniak} and {Mi-Youn} and {Paulse} and {Christopher} and {Creasy} and {David} and {Flashner} and {Lisa} and {Kani} and {Kian} and {Moulding} and {Chris} and {Seymour} and Sean L. and {Nuwaysir} and Lydia M. and {Lefebvre} and {Brent} and {Kuhlmann} and {Frank} and {Roark} and {Joe} and {Rainer} and {Paape} and {Detlev} and {Suckau} and {Hemenway} and {Tina} and {Huhmer} and {Andreas} and {Langridge} and {James} and {Connolly} and {Brian} and {Chadick} and {Trey} and {Holly} and {Krisztina} and {Eckels} and {Josh} and {Deutsch} and Eric W. and {Moritz} and Robert L. and {Katz} and Jonathan E. and {Agus} and David B. and {MacCoss} and {Michael} and {Tabb} and David L. and {Mallick} and {Parag}},
	year         = 2012,
	month        = {oct},
	journal      = {Nat Biotech},
	volume       = 30,
	number       = 10,
	pages        = {918--920},
	doi          = {10.1038/nbt.2377},
	url          = {http://dx.doi.org/10.1038/nbt.2377},
	pmid         = 23051804
}
@article{mzR2010,
	title        = {mz{ML} - a {C}ommunity {S}tandard for {M}ass {S}pectrometry {D}ata.},
	author       = {Lennart Martens and Matthew Chambers and Marc Sturm and Darren Kessner and Fredrik Levander and Jim Shofstahl and Wilfred H Tang and Andreas Rompp and Steffen Neumann and Angel D Pizarro and Luisa Montecchi-Palazzi and Natalie Tasman and Mike Coleman and Florian Reisinger and Puneet Souda and Henning Hermjakob and Pierre-Alain Binz and Eric W Deutsch},
	year         = 2010,
	journal      = {{Mol Cell Proteomics}},
	doi          = {10.1074/mcp.R110.000133},
	pmid         = 20716697
}
@article{mzR2004,
	title        = {{A} common open representation of mass spectrometry data and its application to proteomics research.},
	author       = {Patrick G A Pedrioli and Jimmy K Eng and Robert Hubley and Mathijs Vogelzang and Eric W Deutsch and Brian Raught and Brian Pratt and Erik Nilsson and Ruth H Angeletti and Rolf Apweiler and Kei Cheung and Catherine E Costello and Henning Hermjakob and Sequin Huang and Randall K Julian and Eugene Kapp and Mark E McComb and Stephen G Oliver and Gilbert Omenn and Norman W Paton and Richard Simpson and Richard Smith and Chris F Taylor and Weimin Zhu and Ruedi Aebersold},
	year         = 2004,
	journal      = {Nat Biotechnol},
	volume       = 22,
	number       = 11,
	pages        = {{1459--1466}},
	doi          = {10.1038/nbt1031},
	pmid         = 15529173
}
@article{mzR2005,
	title        = {{A} uniform proteomics {MS}/{MS} analysis platform utilizing open {XML} file formats.},
	author       = {Andrew Keller and Jimmy Eng and Ning Zhang and Xiao-jun Li and Ruedi Aebersold},
	year         = 2005,
	journal      = {Mol Syst Biol}
}
@article{mzR2008,
	title        = {{P}roteo{W}izard: open source software for rapid proteomics tools development.},
	author       = {Darren Kessner and Matt Chambers and Robert Burke and David Agus and Parag Mallick},
	year         = 2008,
	journal      = {Bioinformatics},
	volume       = 24,
	number       = 21,
	pages        = {2534--2536},
	doi          = {10.1093/bioinformatics/btn323},
	pmid         = 18606607
}
@article{nloptr?,
	title        = {The NLopt nonlinear-optimization package},
	author       = {Steven G. Johnson},
	year         = {?},
	journal      = {?},
	volume       = {?},
	number       = {?},
	pages        = {?}
}
@article{ontologyIndex2017,
	title        = {{ontologyX}: a suite of R packages for working with ontological data},
	author       = {Daniel Greene and Sylvia Richardson and Ernest Turro},
	year         = 2017,
	journal      = {Bioinformatics},
	publisher    = {{Oxford Univ Press}},
	pages        = {btw763}
}
@article{pbkrtest2014,
	title        = {A Kenward-Roger Approximation and Parametric Bootstrap Methods for Tests in Linear Mixed Models -- The {R} Package {pbkrtest}},
	author       = {Ulrich Halekoh and S{\o}ren H{\o}jsgaard},
	year         = 2014,
	journal      = {Journal of Statistical Software},
	volume       = 59,
	number       = 9,
	pages        = {1--30},
	url          = {https://www.jstatsoft.org/v59/i09/}
}
@article{pcaMethods2007,
	title        = {pcaMethods -- a Bioconductor package providing PCA methods for incomplete	data},
	author       = {Wolfram Stacklies and Henning Redestig and Matthias Scholz and Dirk Walther and Joachim Selbig},
	year         = 2007,
	journal      = {Bioinformatics},
	volume       = 23,
	pages        = {1164--1167}
}
@book{plotly2020,
	title        = {Interactive Web-Based Data Visualization with R, plotly, and shiny},
	author       = {Carson Sievert},
	year         = 2020,
	publisher    = {Chapman and Hall/CRC},
	isbn         = 9781138331457,
	url          = {https://plotly-r.com}
}
@article{plyr2011,
	title        = {The Split-Apply-Combine Strategy for Data Analysis},
	author       = {Hadley Wickham},
	year         = 2011,
	journal      = {Journal of Statistical Software},
	volume       = 40,
	number       = 1,
	pages        = {1--29},
	url          = {https://www.jstatsoft.org/v40/i01/}
}
@article{pROC2011,
	title        = {pROC: an open-source package for R and S+ to analyze and compare ROC curves},
	author       = {Xavier Robin and Natacha Turck and Alexandre Hainard and Natalia Tiberti and Frédérique Lisacek and Jean-Charles Sanchez and Markus Müller},
	year         = 2011,
	journal      = {BMC Bioinformatics},
	volume       = 12,
	pages        = 77
}
@article{randomForest2002,
	title        = {Classification and Regression by randomForest},
	author       = {Andy Liaw and Matthew Wiener},
	year         = 2002,
	journal      = {R News},
	volume       = 2,
	number       = 3,
	pages        = {18--22},
	url          = {https://CRAN.R-project.org/doc/Rnews/}
}
@article{ranger2017,
	title        = {{ranger}: A Fast Implementation of Random Forests for High Dimensional Data in {C++} and {R}},
	author       = {Marvin N. Wright and Andreas Ziegler},
	year         = 2017,
	journal      = {Journal of Statistical Software},
	volume       = 77,
	number       = 1,
	pages        = {1--17},
	doi          = {10.18637/jss.v077.i01}
}
@article{Rcpp2011,
	title        = {{Rcpp}: Seamless {R} and {C++} Integration},
	author       = {Dirk Eddelbuettel and Romain Fran\c{c}ois},
	year         = 2011,
	journal      = {Journal of Statistical Software},
	volume       = 40,
	number       = 8,
	pages        = {1--18},
	doi          = {10.18637/jss.v040.i08}
}
@book{Rcpp2013,
	title        = {Seamless {R} and {C++} Integration with {Rcpp}},
	author       = {Dirk Eddelbuettel},
	year         = 2013,
	publisher    = {Springer},
	address      = {New York},
	doi          = {10.1007/978-1-4614-6868-4},
	note         = {ISBN 978-1-4614-6867-7}
}
@article{Rcpp2018,
	title        = {{Extending {R} with {C++}: A Brief Introduction to {Rcpp}}},
	author       = {Dirk Eddelbuettel and James Joseph Balamuta},
	year         = 2018,
	journal      = {The American Statistician},
	volume       = 72,
	number       = 1,
	pages        = {28--36},
	doi          = {10.1080/00031305.2017.1375990}
}
@article{RcppEigen2013,
	title        = {Fast and Elegant Numerical Linear Algebra Using the {RcppEigen} Package},
	author       = {Douglas Bates and Dirk Eddelbuettel},
	year         = 2013,
	journal      = {Journal of Statistical Software},
	volume       = 52,
	number       = 5,
	pages        = {1--24},
	doi          = {10.18637/jss.v052.i05}
}
@article{reshape22007,
	title        = {Reshaping Data with the {reshape} Package},
	author       = {Hadley Wickham},
	year         = 2007,
	journal      = {Journal of Statistical Software},
	volume       = 21,
	number       = 12,
	pages        = {1--20},
	url          = {http://www.jstatsoft.org/v21/i12/}
}
@book{rmarkdown2018,
	title        = {R Markdown: The Definitive Guide},
	author       = {Yihui Xie and J.J. Allaire and Garrett Grolemund},
	year         = 2018,
	publisher    = {Chapman and Hall/CRC},
	address      = {Boca Raton, Florida},
	isbn         = 9781138359338,
	url          = {https://bookdown.org/yihui/rmarkdown}
}
@book{rmarkdown2020,
	title        = {R Markdown Cookbook},
	author       = {Yihui Xie and Christophe Dervieux and Emily Riederer},
	year         = 2020,
	publisher    = {Chapman and Hall/CRC},
	address      = {Boca Raton, Florida},
	isbn         = 9780367563837,
	url          = {https://bookdown.org/yihui/rmarkdown-cookbook}
}
@article{robustbase2009,
	title        = {An Object-Oriented Framework for Robust Multivariate Analysis},
	author       = {Valentin Todorov and Peter Filzmoser},
	year         = 2009,
	journal      = {Journal of Statistical Software},
	volume       = 32,
	number       = 3,
	pages        = {1--47},
	url          = {https://www.jstatsoft.org/article/view/v032i03/}
}
@article{sandwich2020,
	title        = {Various Versatile Variances: An Object-Oriented Implementation of Clustered Covariances in {R}},
	author       = {Achim Zeileis and Susanne K\"oll and Nathaniel Graham},
	year         = 2020,
	journal      = {Journal of Statistical Software},
	volume       = 95,
	number       = 1,
	pages        = {1--36},
	doi          = {10.18637/jss.v095.i01}
}
@article{sandwich2004,
	title        = {Econometric Computing with {HC} and {HAC} Covariance Matrix Estimators},
	author       = {Achim Zeileis},
	year         = 2004,
	journal      = {Journal of Statistical Software},
	volume       = 11,
	number       = 10,
	pages        = {1--17},
	doi          = {10.18637/jss.v011.i10}
}
@article{sandwich2006,
	title        = {Object-Oriented Computation of Sandwich Estimators},
	author       = {Achim Zeileis},
	year         = 2006,
	journal      = {Journal of Statistical Software},
	volume       = 16,
	number       = 9,
	pages        = {1--16},
	doi          = {10.18637/jss.v016.i09}
}
@article{scatterplot3d2003,
	title        = {Scatterplot3d - an R Package for Visualizing Multivariate Data},
	author       = {Uwe Ligges and Martin M{\"a}chler},
	year         = 2003,
	journal      = {Journal of Statistical Software},
	volume       = 8,
	number       = 11,
	pages        = {1--20},
	doi          = {10.18637/jss.v008.i11}
}
@techreport{selectr2012,
	title        = {Introducing the selectr Package},
	author       = {Simon Potter},
	year         = 2012,
	address      = {Auckland, New Zealand},
	url          = {http://stattech.wordpress.fos.auckland.ac.nz/2012-10-introducing-the-selectr-package/},
	institution  = {The University of Auckland}
}
@article{sp2005,
	title        = {Classes and methods for spatial data in {R}},
	author       = {Edzer J. Pebesma and Roger Bivand},
	year         = 2005,
	month        = {November},
	journal      = {R News},
	volume       = 5,
	number       = 2,
	pages        = {9--13},
	url          = {https://CRAN.R-project.org/doc/Rnews/}
}
@book{sp2013,
	title        = {Applied spatial data analysis with {R}, Second edition},
	author       = {Roger S. Bivand and Edzer Pebesma and Virgilio Gomez-Rubio},
	year         = 2013,
	publisher    = {Springer, NY},
	url          = {https://asdar-book.org/}
}
@article{Spectra2022,
	title        = {A Modular and Expandable Ecosystem for Metabolomics Data Annotation in R},
	author       = {Johannes Rainer and Andrea Vicini and Liesa Salzer and Jan Stanstrup and Josep M. Badia and Steffen Neumann and Michael A. Stravs and Vinicius {Verri Hernandes} and Laurent Gatto and Sebastian Gibb and Michael Witting},
	year         = 2022,
	journal      = {Metabolites},
	volume       = 12,
	pages        = 173,
	doi          = {10.3390/metabo12020173},
	url          = {https://www.mdpi.com/2218-1989/12/2/173}
}
@article{SQUAREM2020,
	title        = {{SQUAREM}: An {R} Package for Off-the-Shelf Acceleration of {EM}, {MM} and Other {EM}-Like Monotone Algorithms},
	author       = {Yu Du and Ravi Varadhan},
	year         = 2020,
	journal      = {Journal of Statistical Software},
	volume       = 92,
	number       = 7,
	pages        = {1--41},
	doi          = {10.18637/jss.v092.i07}
}
@article{statmod2016a,
	title        = {statmod: probability calculations for the inverse Gaussian distribution},
	author       = {Goknur Giner and Gordon K. Smyth},
	year         = 2016,
	journal      = {R Journal},
	volume       = 8,
	number       = 1,
	pages        = {339--351}
}
@article{statmod2010a,
	title        = {Permutation p-values should never be zero: calculating exact p-values when permutations are randomly drawn},
	author       = {Belinda Phipson and Gordon K. Smyth},
	year         = 2010,
	journal      = {Statistical Applications in Genetics and Molecular Biology},
	volume       = 9,
	number       = 1,
	pages        = {Article 39}
}
@article{statmod2009a,
	title        = {ELDA: extreme limiting dilution analysis for comparing depleted and enriched populations in stem cell and other assays},
	author       = {Yifang Hu and Gordon K. Smyth},
	year         = 2009,
	journal      = {Journal of Immunological Methods},
	volume       = 347,
	number       = 1,
	pages        = {70--78}
}
@article{statmod2005a,
	title        = {Optimization and nonlinear equations},
	author       = {Gordon K. Smyth},
	year         = 2005,
	journal      = {Encyclopedia of Biostatistics},
	publisher    = {John Wiley and Sons, Ltd},
	pages        = {3088--3095}
}
@article{statmod2005b,
	title        = {Numerical integration},
	author       = {Gordon K. Smyth},
	year         = 2005,
	journal      = {Encyclopedia of Biostatistics},
	publisher    = {John Wiley and Sons, Ltd},
	pages        = {3088--3095}
}
@article{statmod2002a,
	title        = {An efficient algorithm for REML in heteroscedastic regression},
	author       = {Gordon K. Smyth},
	year         = 2002,
	journal      = {Journal of Computational and Graphical Statistics},
	volume       = 11,
	pages        = {836--847}
}
@article{statmod1996a,
	title        = {Randomized quantile residuals},
	author       = {Peter K. Dunn and Gordon K. Smyth},
	year         = 1996,
	journal      = {J. Comput. Graph. Statist},
	volume       = 5,
	pages        = {236--244}
}
@article{stringdist2014,
	title        = {The stringdist package for approximate string matching},
	author       = {M.P.J. {van der Loo}},
	year         = 2014,
	journal      = {The {R} {J}ournal},
	volume       = 6,
	pages        = {111--122},
	url          = {https://CRAN.R-project.org/package=stringdist},
	issue        = 1
}
@article{stringi2022,
	title        = {{stringi}: {F}ast and portable character string processing in {R}},
	author       = {Marek Gagolewski},
	year         = 2022,
	journal      = {Journal of Statistical Software},
	volume       = 103,
	number       = 2,
	pages        = {1--59},
	doi          = {10.18637/jss.v103.i02}
}
@article{struct2020,
	title        = {struct: an R/Bioconductor-based framework for standardized metabolomics data analysis and beyond},
	author       = {Gavin Rhys Lloyd and Andris Jankevics and Ralf Johannes Maria Weber},
	year         = 2020,
	journal      = {Bioinformatics},
	volume       = 36,
	number       = {22-23},
	pages        = {5551--5552},
	url          = {https://doi.org/10.1093/bioinformatics/btaa1031}
}
@article{structToolbox2020,
	title        = {struct: an R/Bioconductor-based framework for standardized metabolomics data analysis and beyond},
	author       = {Gavin Rhys Lloyd and Andris Jankevics and Ralf Johannes Maria Weber},
	year         = 2020,
	journal      = {Bioinformatics},
	volume       = 36,
	number       = {22-23},
	pages        = {5551--5552},
	url          = {https://doi.org/10.1093/bioinformatics/btaa1031}
}
@manual{tarchetypes2021,
	title        = {tarchetypes: Archetypes for Targets},
	author       = {William Michael Landau},
	year         = 2021,
	note         = {{https://docs.ropensci.org/tarchetypes/, https://github.com/ropensci/tarchetypes}}
}
@article{targets2021,
	title        = {The targets R package: a dynamic Make-like function-oriented pipeline toolkit for reproducibility and high-performance computing},
	author       = {William Michael Landau},
	year         = 2021,
	journal      = {Journal of Open Source Software},
	volume       = 6,
	number       = 57,
	pages        = 2959,
	url          = {https://doi.org/10.21105/joss.02959}
}
@article{testthat2011,
	title        = {testthat: Get Started with Testing},
	author       = {Hadley Wickham},
	year         = 2011,
	journal      = {The R Journal},
	volume       = 3,
	pages        = {5--10},
	url          = {https://journal.r-project.org/archive/2011-1/RJournal_2011-1_Wickham.pdf}
}
@article{tidytext2016,
	title        = {tidytext: Text Mining and Analysis Using Tidy Data Principles in R},
	author       = {Julia Silge and David Robinson},
	year         = 2016,
	journal      = {JOSS},
	publisher    = {The Open Journal},
	volume       = 1,
	number       = 3,
	doi          = {10.21105/joss.00037},
	url          = {http://dx.doi.org/10.21105/joss.00037}
}
@article{tidyverse2019,
	title        = {Welcome to the {tidyverse}},
	author       = {Hadley Wickham and Mara Averick and Jennifer Bryan and Winston Chang and Lucy D'Agostino McGowan and Romain François and Garrett Grolemund and Alex Hayes and Lionel Henry and Jim Hester and Max Kuhn and Thomas Lin Pedersen and Evan Miller and Stephan Milton Bache and Kirill Müller and Jeroen Ooms and David Robinson and Dana Paige Seidel and Vitalie Spinu and Kohske Takahashi and Davis Vaughan and Claus Wilke and Kara Woo and Hiroaki Yutani},
	year         = 2019,
	journal      = {Journal of Open Source Software},
	volume       = 4,
	number       = 43,
	pages        = 1686,
	doi          = {10.21105/joss.01686}
}
@article{tinytex2019,
	title        = {TinyTeX: A lightweight, cross-platform, and easy-to-maintain LaTeX distribution based on TeX Live},
	author       = {Yihui Xie},
	year         = 2019,
	journal      = {TUGboat},
	volume       = 40,
	number       = 1,
	pages        = {30--32},
	url          = {https://tug.org/TUGboat/Contents/contents40-1.html}
}
@article{tokenizers2018,
	title        = {Fast, Consistent Tokenization of Natural Language Text},
	author       = {Lincoln A. Mullen and Kenneth Benoit and Os Keyes and Dmitry Selivanov and Jeffrey Arnold},
	year         = 2018,
	journal      = {Journal of Open Source Software},
	volume       = 3,
	pages        = 655,
	doi          = {10.21105/joss.00655},
	url          = {https://doi.org/10.21105/joss.00655},
	issue        = 23
}
@article{vcd2006,
	title        = {The Strucplot Framework: Visualizing Multi-Way Contingency Tables with vcd},
	author       = {David Meyer and Achim Zeileis and Kurt Hornik},
	year         = 2006,
	journal      = {Journal of Statistical Software},
	volume       = 17,
	number       = 3,
	pages        = {1--48},
	doi          = {10.18637/jss.v017.i03}
}
@article{vcd2007,
	title        = {Residual-based Shadings for Visualizing (Conditional) Independence},
	author       = {Achim Zeileis and David Meyer and Kurt Hornik},
	year         = 2007,
	journal      = {Journal of Computational and Graphical Statistics},
	volume       = 16,
	number       = 3,
	pages        = {507--525},
	doi          = {10.1198/106186007X237856}
}
@article{VIM2016,
	title        = {Imputation with the {R} Package {VIM}},
	author       = {Alexander Kowarik and Matthias Templ},
	year         = 2016,
	journal      = {Journal of Statistical Software},
	volume       = 74,
	number       = 7,
	pages        = {1--16},
	doi          = {10.18637/jss.v074.i07}
}
@manual{viridisLite2023,
	title        = {{viridis(Lite)} - Colorblind-Friendly Color Maps for R},
	author       = {{Garnier} and {Simon} and {Ross} and {Noam} and {Rudis} and {Robert} and {Camargo} and Antônio Pedro and {Sciaini} and {Marco} and {Scherer} and {Cédric}},
	year         = 2023,
	doi          = {10.5281/zenodo.4678327},
	url          = {https://sjmgarnier.github.io/viridis/},
	note         = {viridisLite package version 0.4.2}
}
@article{vsn2002,
	title        = {Variance Stabilization Applied to Microarray Data Calibration and to the Quantification of Differential Expression},
	author       = {Wolfgang Huber and Anja {von Heydebreck} and Holger Sueltmann and Annemarie Poustka and Martin Vingron},
	year         = 2002,
	journal      = {Bioinformatics},
	volume       = {18 Suppl. 1},
	pages        = {S96-S104}
}
@article{xcms2006,
	title        = {XCMS: Processing mass spectrometry data for metabolite profiling using nonlinear peak alignment, matching and identification},
	author       = {{Smith} and {C.A.} and {Want} and {E.J.} and {O'Maille} and {G.} and {Abagyan,R.} and {Siuzdak} and {G.}},
	year         = 2006,
	journal      = {Analytical Chemistry},
	volume       = 78,
	pages        = {779--787}
}
@article{xcms2008,
	title        = {Highly sensitive feature detection for high resolution LC/MS},
	author       = {Ralf Tautenhahn and Christoph Boettcher and Steffen Neumann},
	year         = 2008,
	journal      = {BMC Bioinformatics},
	volume       = 9,
	pages        = 504
}
@article{xcms2010,
	title        = {Correction of mass calibration gaps in liquid chromatography-mass spectrometry metabolomics data},
	author       = {H. Paul Benton and Elizabeth J. Want and Timothy M. D. Ebbels},
	year         = 2010,
	journal      = {BIOINFORMATICS},
	volume       = 26,
	pages        = 2488
}
@article{zoo2005,
	title        = {zoo: S3 Infrastructure for Regular and Irregular Time Series},
	author       = {Achim Zeileis and Gabor Grothendieck},
	year         = 2005,
	journal      = {Journal of Statistical Software},
	volume       = 14,
	number       = 6,
	pages        = {1--27},
	doi          = {10.18637/jss.v014.i06}
}
@manual{R,
	title        = {R: A Language and Environment for Statistical Computing},
	author       = {{R Core Team}},
	year         = 2024,
	address      = {Vienna, Austria},
	url          = {https://www.R-project.org/},
	organization = {R Foundation for Statistical Computing}
}
@manual{R-batman,
	title        = {batman: Convert Categorical Representations of Logicals to Actual Logicals},
	author       = {Oliver Keyes and Ruben C. Arslan and Christopher Akiki and Mine Cetinkaya-Rundel and Peter Meissner and Ilaria Prosdocimi and Thomas Leeper and Amy Lee and Adolfo Álvarez},
	year         = 2015,
	url          = {https://CRAN.R-project.org/package=batman},
	note         = {R package version 0.1.0}
}
@manual{R-BiocFileCache,
	title        = {BiocFileCache: Manage Files Across Sessions},
	author       = {Lori Shepherd and Martin Morgan},
	year         = 2024,
	note         = {R package version 2.10.2}
}
@manual{R-ComplexHeatmap,
	title        = {ComplexHeatmap: Make Complex Heatmaps},
	author       = {Zuguang Gu},
	year         = 2023,
	doi          = {10.18129/B9.bioc.ComplexHeatmap},
	url          = {https://bioconductor.org/packages/ComplexHeatmap},
	note         = {R package version 2.18.0}
}
@manual{R-openxlsx,
	title        = {openxlsx: Read, Write and Edit xlsx Files},
	author       = {Philipp Schauberger and Alexander Walker},
	year         = 2023,
	url          = {https://ycphs.github.io/openxlsx/index.html},
	note         = {R package version 4.2.5.2}
}
@manual{R-pcpr2,
	title        = {pcpr2: The Principal Component Partial R-squared method (PC-PR2)},
	author       = {Joseph Rothwell and Anne Fages and Nada Assi and Vivian Viallon and Pietro Ferrari},
	year         = 2024,
	note         = {R package version 0.0.0.1}
}
@manual{R-ropls,
	title        = {ropls: PCA, PLS(-DA) and OPLS(-DA) for multivariate analysis and feature selection of omics data},
	author       = {Etienne A. Thevenot},
	year         = 2023,
	doi          = {10.18129/B9.bioc.ropls},
	url          = {https://bioconductor.org/packages/ropls},
	note         = {R package version 1.34.0}
}
@manual{R-sva,
	title        = {sva: Surrogate Variable Analysis},
	author       = {Jeffrey T. Leek and W. Evan Johnson and Hilary S. Parker and Elana J. Fertig and Andrew E. Jaffe and Yuqing Zhang and John D. Storey and Leonardo Collado Torres},
	year         = 2023,
	doi          = {10.18129/B9.bioc.sva},
	url          = {https://bioconductor.org/packages/sva},
	note         = {R package version 3.50.0}
}
@article{ComplexHeatmap2016,
	title        = {Complex heatmaps reveal patterns and correlations in multidimensional genomic data},
	author       = {Zuguang Gu and Roland Eils and Matthias Schlesner},
	year         = 2016,
	journal      = {Bioinformatics},
	doi          = {10.1093/bioinformatics/btw313}
}
@article{ComplexHeatmap2022,
	title        = {Complex Heatmap Visualization},
	author       = {Zuguang Gu},
	year         = 2022,
	journal      = {iMeta},
	doi          = {10.1002/imt2.43}
}
@article{ropls2015,
	title        = {Analysis of the human adult urinary metabolome variations with age, body mass index and gender by implementing a comprehensive workflow for univariate and OPLS statistical analyses},
	author       = {E. A. Thevenot and A. Roux and Y. Xu and E. Ezan and C. Junot},
	year         = 2015,
	journal      = {Journal of Proteome Research},
	volume       = 14,
	pages        = {3322--3335},
	url          = {https://doi.org/10.1021/acs.jproteome.5b00354}
}

@Manual{R-core,
    title = {R: A Language and Environment for Statistical Computing},
    author = {{R Core Team}},
    organization = {R Foundation for Statistical Computing},
    address = {Vienna, Austria},
    year = {2024},
    url = {https://www.R-project.org/},
  }